4376 5694
229 590 276 670 o
305 535 716 670 tauuarrtca'
738 525 1089 670 arenant-A.
1126 594 1213 674 zu.
1244 594 1316 676 rx.
1387 595 1454 696 583

158 727 268 814 Cum
292 757 390 814 vero
415 729 571 816 Globut
602 755 758 830 tneo
788 728 911 814 fluido
946 724 1033 812 satis
1064 727 1263 842 profundo
1292 731 1662 862 undiquemm'·
1781 779 1785 788 ·

158 865 320 952 opertus
351 870 543 956 ponatur,
575 844 654 930 hoc
689 847 768 944 est,
806 848 913 949 eujus
948 843 1144 956 particulae
1185 845 1266 928 aliae
1297 848 1380 930 aliis
1407 855 1514 955 lang.
1534 893 1561 932 ι.
1581 873 1662 951 03:

157 957 233 1039 tile
277 959 449 1053 cedunt,
498 964 538 1042 δι
585 985 737 1044 ιιιοιιιιιι
766 987 931 1072 quaeque
967 959 1166 1068 proprium
1199 959 1320 1044 libere
1353 989 1462 1072 pera·
1531 965 1549 986 ‘'

156 1071 241 1180 gitt
271 1095 378 1180 patet
414 1073 575 1156 fluidum
605 1075 702 1156 adu
735 1077 775 1156 δι
818 1100 844 1154 c
877 1069 1084 1183 positumd
1111 1071 1230 1156 liuido
1256 1075 1347 1156 in'a
1374 1081 1461 1162 &u

156 1181 468 1284 extrudendum,
516 1189 642 1270 levius
678 1183 937 1296 dgtaviore,
982 1185 1039 1267 uti
1076 1213 1145 1296 pet
1180 1188 1462 1298 Hydrollaticae

154 1295 261 1406 legor
290 1321 463 1410 oportet.
520 1301 692 1398 Exstabit
709 1301 827 1495 Ιῐῗίιιιι
861 1299 1021 1382 fluidum
1056 1297 1106 1382 ad
1134 1327 1164 1408 ‘a
1187 1307 1225 1384 δι
1253 1327 1277 1384 c
1305 1305 1344 1382 δι
1375 1333 1463 1415 pro·

154 1435 207 1520 pe
227 1409 293 1494 illa
318 1410 397 1496 stve
422 1414 687 1498 attolletur&
736 1413 928 1498 ubstdebit
956 1414 994 1495 in
1023 1437 1096 1494 un
1133 1414 1280 1498 circulo
1307 1419 1348 1518 δι
1374 1446 1467 1527 pro·
1636 1498 1640 1507 .

154 1551 206 1636 pe
228 1521 360 1622 hunc,
401 1524 530 1610 donec
563 1528 666 1611 illius
702 1531 826 1629 major
854 1529 979 1612 moles
1006 1525 1238 1612 &altitudo
1269 1530 1319 1612 ab
1351 1531 1464 1633 hujus

153 1638 300 1740 majore
335 1639 537 1724 Gravitare
575 1637 833 1752 compensate
869 1640 1123 1754 aequilibrium
1157 1638 1352 1731 efficiantt
1386 1643 1464 1724 for.
1532 1657 1535 1664 ’

154 1749 401 1865 mabiturque
432 1756 592 1852 Tellus,
622 1757 747 1838 fluido
782 1757 957 1870 undique
989 1749 1075 1838 satis
1116 1751 1316 1865 profundo
1351 1784 1463 1868 oper·

153 1884 217 1960 ta,
254 1862 293 1946 in
326 1864 500 1976 Figuram
535 1863 785 1980 sphaeroidetn
821 1871 1036 1979 oblongam
1071 1865 1207 1979 quali,
1249 1871 1356 1970 cujus
1382 1871 1462 1954 axis

152 1979 209 2066 est
237 1983 438 2064 rocetta
469 2004 568 2093 quae·
584 1985 773 2096 produdta
800 2013 878 2098 pet¹
899 1985 1051 2067 Lunam
1077 1979 1222 2093 transn.
1268 1985 1384 2092 Qu.
1406 1986 1462 2068 D.

591 2154 1009 2238 Scuortum

211 2316 281 2402 Ob
316 2319 483 2405 eandem
519 2320 711 2408 tationem
749 2321 927 2407 Fluidum
970 2321 1164 2408 Tenestte
1198 2319 1374 2435 Figuram
1399 2323 1455 2406 in·
1487 2362 1540 2443 ἧς,
1561 2371 1590 2431 3.

150 2431 262 2519 'duet'
280 2424 532 2542 sphaeroidem
572 2433 666 2522 sere*
695 2435 942 2550 oblongam,
980 2439 1087 2540 cujus
1124 2435 1205 2520 axis
1245 2435 1455 2548 productus

149 2573 224 2662 pet
260 2545 395 2630 Solem
425 2548 578 2632 transrt:
608 2553 715 2633 Nam
740 2549 768 2636 st
798 2551 839 2634 in
873 2547 1116 2660 praecedente
1156 2548 1455 2633 ratiocinatione

151 2683 296 2772 corpus
318 2680 348 2740 r.
368 2688 452 2744 non
481 2663 628 2746 Lunam
670 2659 736 2747 sed
769 2666 904 2748 Solem
930 2660 1103 2774 defignet
1118 2719 1132 2760 ,
1165 2687 1273 2774 paret
1310 2691 1487 2776 propo-1

150 2772 278 2860 ficum.
337 2772 396 2860 Αι
437 2769 658 2887 sphaetoidis
701 2777 812 2882 hujus
848 2779 930 2862 axis
975 2801 1057 2858 non
1100 2796 1252 2858 tantum
1301 2776 1457 2861 excedit

151 2887 367 2972 diametros
404 2889 460 2972 illi
492 2892 714 2991 normales,
761 2917 878 3002 quam
912 2889 953 2972 in
981 2888 1048 2971 illa
1083 2915 1201 3001 quarn
1232 2890 1341 2972 Luna
1368 2891 1457 2998 pross

150 2999 276 3086 ducit.
335 3003 536 3110 Quoniam
580 3006 683 3088 enim
724 3003 848 3088 Fluidi
888 3003 1059 3088 elevatio
1099 3000 1150 3084 ad
1190 3028 1215 3082 c
1249 2996 1316 3084 sub
1350 3001 1457 3090 Luna

153 3137 183 3196 ι.
208 3110 349 3197 exinde
381 3118 585 3225 provenit,
619 3116 731 3228 quod
765 3119 857 3202 hoc·
879 3118 1034 3230 gravius
1057 3112 1103 3197 stt
1137 3109 1268 3200 versus
1308 3117 1457 3200 Lunam

151 3253 275 3338 quam
307 3221 386 3339 ipsa
424 3229 556 3314 Tellus
594 3257 681 3342 qnae
709 3229 761 3318 ad
788 3259 815 3314 τ
847 3227 1050 3315 eonstslere
1085 3223 1278 3326 censetur,
1311 3229 1458 3340 quippe
1504 3335 1508 3344 Ι

151 3341 348 3430 viciniust
376 3341 456 3446 ejus
482 3369 579 3426 vero
610 3343 785 3428 elevatio
819 3346 858 3427 in
891 3347 1035 3458 pundo
1071 3369 1099 3424 a
1131 3339 1305 3440 exinde,
1346 3341 1458 3452 quod

153 3457 275 3540 Terra
306 3455 359 3538 ad
390 3482 416 3536 τ
446 3457 602 3570 gravior
633 3454 679 3539 fit
709 3455 759 3542 ad
794 3458 944 3543 Lunam
971 3483 1089 3569 quant
1121 3451 1297 3540 Fluidum
1327 3453 1379 3537 ad
1409 3479 1459 3554 A,

155 3593 297 3681 utpote
327 3570 494 3652 vicinior
509 3599 522 3659 t
555 3569 659 3656 adeo
689 3594 733 3654 ur
759 3570 938 3654 Fluidum
968 3569 1018 3655 ad
1054 3595 1079 3654 c
1113 3565 1136 3652 d
1171 3569 1280 3652 luna
1307 3563 1459 3681 prolec'·

159 3706 283 3766 tatum
308 3687 326 3784 (
349 3708 393 3766 ur
424 3677 578 3792 Keplerr’
605 3684 731 3768 verbo
763 3683 890 3794 urat)
922 3685 1119 3782 Tellurem
1150 3681 1236 3793 post
1273 3676 1310 3765 se
1347 3681 1460 3765 relin-

159 3821 285 3906 quat,
316 3796 493 3880 fluidum
529 3821 627 3879 vero
659 3795 710 3880 ad
742 3795 820 3882 rua
853 3803 971 3882 Terra
1004 3791 1109 3905 quast
1139 3795 1400 3904 relinquatur:
1433 3791 1461 3888 st

158 3909 237 3994 hoc
263 3907 287 3992 d
313 3911 416 3994 Solis
455 3910 607 3994 actione
637 3911 870 4022 proveniat,
907 3907 1064 3995 effedius
1099 3935 1180 3992 non
1209 3907 1329 3990 crunt'
1358 3902 1460 3992 adeo

161 4015 375 4122 sensibiles,
418 4026 509 4136 quia
549 4029 675 4108 Tettae
710 4023 1003 4108 Semidiauretet
1039 4047 1112 4104 rc
1158 4021 1224 4104 vel
1257 4047 1333 4102 τι
1370 4047 1462 4103 eva·

162 4131 283 4218 nescit
308 4135 387 4223 stre
416 4133 584 4248 respectu
616 4137 811 4222 Distantiae
848 4130 1039 4219 immensa
1076 4133 1178 4218 inter
1216 4130 1375 4218 Terram
1417 4135 1459 4214 δι

159 4250 322 4348 Solem,
360 4279 445 4361 quae
480 4247 646 4364 respediu
685 4249 880 4338 Distantiae
911 4251 1014 4336 inter
1051 4253 1210 4332 Terram
1242 4251 1282 4330 δι
1316 4250 1465 4333 Lunam

161 4368 182 4464 (
212 4389 301 4472 quae.
322 4363 476 4476 triginta
500 4365 723 4448 Diametros
753 4363 962 4447 Tertesttes
986 4362 1053 4448 vix
1083 4359 1277 4470 excedit)
1303 4357 1388 4444 satis
1420 4355 1465 4442 fit

164 4467 374 4565 sensibilis,¹
410 4485 449 4560 dt
481 4480 573 4562 ideo
604 4480 711 4579 fluidi
743 4477 794 4560 ad
830 4501 855 4558 c
885 4476 1055 4590 ‘gravitas
1086 4469 1351 4559 insensibiliter
1387 4498 1466 4556 ma·

164 4589 226 4697 jur
262 4585 392 4678 versut
430 4593 567 4678 Solem
598 4580 800 4706 quemad
835 4619 885 4689 r,
921 4595 962 4674 δι
995 4589 1105 4676 ada
1141 4587 1255 4704 postti
1283 4583 1471 4780 insenlstbi·

843 4707 932 4795 V2
1400 4720 1471 4780 tter
