4346 5676
1279 581 1437 712 trop)

687 745 817 863 ¹guum
852 740 1083 832 admodum.
1099 738 1173 838 fit,
1215 737 1369 824 Tubuli
1400 737 1585 825 Generali
1624 731 1728 828 haud
1747 737 1923 828 coerceri
1939 771 2010 859 po·¹

698 866 804 963 tuit,
845 861 901 946 ob
935 861 1144 942 immanem
1176 855 1313 939 Motus
1358 853 1479 939 medii
1524 855 1815 942 velocitatem:
1844 862 2009 996 praestat
2080 941 2087 956 ,

696 977 832 1090 itaque
858 978 901 1058 in
932 974 1041 1070 hoc,
1083 967 1288 1082 postquam
1314 969 1499 1054 inventus
1527 967 1644 1054 fuerit
1665 973 1804 1055 Motus
1833 973 2007 1073 medius,
2061 995 2076 1014 ·

697 1120 747 1176 ex
778 1090 953 1180 eodem,
992 1113 1071 1200 ope
1102 1079 1353 1194 praecedentis
1382 1082 1613 1196 equationis
1643 1117 1747 1166 ,ει
1771 1117 1800 1167 z
1841 1097 1887 1182 ÷
1930 1111 2007 1190 3z

695 1241 758 1282 =
790 1218 850 1312 ,gg
880 1195 986 1283 Mor.
1013 1195 1108 1312 med.
1136 1203 1379 1308 Tangentem
1412 1197 1562 1281 dimidii
1597 1199 1728 1312 ang'uli
1762 1197 1786 1286 ai
1815 1201 2006 1285 Perihelio
2066 1269 2068 1274 .

695 1320 838 1406 elicere
850 1373 864 1416 ,
901 1341 978 1398 una
1012 1341 1100 1396 cum
1128 1311 1382 1420 Logarithmo
1409 1339 1482 1424 pro
1504 1313 1680 1398 distantia
1708 1314 1732 1398 i
1759 1313 1868 1399 Sole.
1906 1316 2006 1424 Qni-

695 1433 768 1524 bus
797 1428 898 1514 datis
924 1427 1058 1514 iisdem
1089 1427 1254 1522 omnino
1291 1426 1431 1540 regulis
1470 1451 1517 1513 ac
1546 1425 1591 1511 in
1613 1427 1761 1513 caeteris
1789 1427 2005 1542 proceden-

695 1547 794 1634 dum
820 1545 888 1632 est·
1805 1585 1810 1590 '

753 1659 824 1745 Ad
850 1658 954 1742 hunc
980 1655 1114 1768 itaque
1132 1652 1294 1740 modum
1315 1653 1591 1740 Astronomico
1618 1653 1771 1740 Ledori
1787 1656 2016 1763 exanimare,
2060 1717 2068 1732 ·

694 1777 789 1862 iicet
816 1798 999 1880 numeros
1032 1769 1064 1875 iv
1081 1795 1151 1854 me·
1177 1769 1352 1883 positos,
1378 1795 1481 1882 quos
1509 1767 1654 1854 summi
1678 1766 1769 1852 curi
1797 1797 1847 1854 ex
1874 1767 2006 1872 obsen,

693 1877 920 1974 nationibus
956 1911 1041 1996 quae
1071 1879 1327 1997 suppetebant
1353 1883 1579 1972 exantlavit
1606 1911 1736 1998 neque
1767 1885 1894 1981 enim,
1936 1915 2005 1974 an·
2064 1895 2073 1911 '
2124 1887 2128 1896 ’

692 2025 854 2117 tequam
888 1995 1012 2112 probe
1036 1997 1086 2082 ad
1115 1997 1298 2084 incudem
1339 1999 1479 2082 sedasti
1506 1997 1674 2098 fuerint,
1705 2023 1753 2082 ac
1789 1999 2003 2085 multotum

691 2141 886 2204 annorum
909 2111 1036 2198 studio
1067 2138 1255 2223 quantum
1295 2110 1378 2198 fieri
1410 2110 1523 2224 poffit
1547 2112 1690 2224 politi,
1731 2113 1772 2196 in
1804 2113 2003 2224 publicum

720 2229 902 2316 rodeunt.
962 2231 1052 2311 Hoc
1080 2225 1229 2310 Autem
1258 2221 1449 2340 specimen
1485 2225 1727 2312 astronomiae
1757 2225 2003 2330 eoeneum,
2043 2311 2053 2332 ,

686 2261 805 2457 flaturi
835 2341 964 2455 operis
981 2338 1258 2440 Prodromum‚
1304 2339 1451 2424 editum
1478 2333 1554 2424 effe
1579 2341 1794 2444 voluis-ne
1826 2337 2001 2428 iortesu·

687 2459 939 2573 perveniente
980 2453 1063 2540 fato
1088 2456 1259 2567 perirent
1286 2451 1587 2539 ‘lucubrationes
1616 2457 1773 2553 nostrae,
1815 2453 1872 2538 ob
1904 2456 2001 2541 Cal·

684 2571 766 2657 culi
801 2568 1066 2656 difficultatem
1099 2597 1182 2652 non
1225 2569 1349 2654 cuivis
1382 2568 1535 2651 homini
1575 2566 1707 2655 denno
1743 2564 1997 2681 suscipiende.

688 2685 914 2771 Monendus
937 2709 1067 2770 autem
1092 2683 1148 2770 est
1179 2685 1347 2781 Led0r‚
1372 2682 1549 2798 quinque
1580 2684 1729 2797 priores
1750 2683 1891 2766 ordine
1914 2686 1997 2770 Co·

683 2823 842 2899 metas,
875 2823 1044 2913 quorum
1064 2800 1198 2908 tertius
1226 2801 1266 2881 dc
1293 2821 1452 2914 quartus
1483 2797 1536 2881 est
1563 2794 1587 2882 i
1615 2795 1733 2880 Petro
1760 2797 1996 2906 Apimob·

683 2907 877 3010 servatus,
907 2911 1067 3024 quintus
1085 2906 1182 2997 vero
1204 2912 1228 2997 i
1254 2913 1373 2994 Paulo
1405 2908 1602 2996 Fabricio.
1627 2913 1684 2996 uti
1708 2915 1747 2994 ἃ
1769 2911 1938 2995 decimus
1966 2913 1993 3000 i

683 3019 870 3128 nostum
899 3027 983 3122 (ni
1009 3021 1167 3127 fallor)
1193 3049 1300 3134 anno
1342 3035 1447 3134 1596
1486 3023 1734 3140 conspedus,
1776 3051 1858 3108 non
1899 3052 1995 3114 eun-

681 3138 775 3224 dem
802 3137 1042 3224 certitudinis
1066 3137 1228 3252 gradum
1252 3167 1340 3226 cum
1383 3139 1540 3252 reliquis
1572 3166 1648 3252 prae
1678 3137 1716 3225 se
1742 3135 1858 3224 ferre.
1909 3144 1993 3226 Ne·

713 3281 762 3338 ue
796 3255 901 3337 enim
931 3249 1073 3338 debitis
1102 3257 1257 3368 organis
1291 3281 1365 3339 nec
1400 3279 1491 3339 cura
1523 3252 1575 3338 ad
1611 3255 1689 3339 hoc
1716 3253 1897 3366 requifiti
1919 3257 1991 3343 ob-

678 3282 919 3484 ?ervationes
949 3361 1035 3479 ipse
1065 3363 1364 3482 peradiaeiuntr
1399 3366 1581 3486 adeoque
1597 3369 1712 3454 inter
1744 3363 1783 3452 se
1814 3369 1990 3456 diffiden-

679 3503 741 3566 tes
768 3481 879 3566 nullo
916 3479 1039 3566 modo
1072 3511 1161 3568 cum
1186 3506 1375 3598 computo
1397 3481 1569 3594 :regulati
1596 3482 1793 3568 conciliari
1819 3481 1988 3596 poffnnt.

679 3595 893 3681 Cometam
938 3597 1043 3684 Anni
1096 3608 1205 3696 1684
1244 3625 1342 3684 unus
1369 3597 1471 3682 vidit
1504 3591 1735 3679 Blanchinus
1759 3593 1988 3706 obseruator

679 3705 868 3791 Romanus
880 3707 912 3791 a¹
928 3709 1107 3810 ultimum
1148 3739 1246 3796 vero
1283 3713 1391 3797 Anni
1430 3701 1488 3822 seq
1521 3721 1626 3812 1698
1662 3710 1873 3818 Periſsegffis
1908 3707 1986 3798 soli

678 3819 991 3938 conspexerunt,
1021 3821 1178 3940 eju-sque
1215 3823 1362 3912 cursum
1389 3819 1545 3910 insolito
1571 3825 1695 3910 modo
1725 3826 1982 3913 defiooarunt.

666 3933 875 4024 'obscurus
903 3937 966 4024 hic
1002 3940 1238 4038 admodum,
1269 3939 1560 4052 etiamst-:velox
1588 3967 1634 4030 ac
1665 3943 1772 4026 terris
1799 3896 1893 4026 iaris
1923 3944 1983 4026 vi·

621 4118 630 4134 .
670 4049 813 4155 'cinus‚
855 4053 1007 4138 nostros
1037 4050 1125 4138 sane
1150 4055 1291 4140 oeulos
1323 4052 1498 4168 ilioquin
1533 4081 1613 4138 non
1644 4051 1856 4152 incuriosos
1886 4055 1980 4142 effu·

672 4161 744 4276 git.
801 4167 970 4278 Intignes
1015 4193 1147 4254 autem
1181 4163 1282 4253 duos
1329 4168 1402 4252 h'a‘e
1440 4167 1568 4257 nostra
1604 4194 1724 4253 aetate
1764 4171 1979 4269 Cometes,

663 4275 840 4361 'alterum
864 4281 986 4364 Anno
1038 4295 1144 4384 1689
1180 4279 1312 4373 Mense
1333 4284 1338 4374 J
1359 4277 1591 4364 Novembri
1618 4277 1774 4382 ortum,
1813 4283 1977 4370 aiterum

671 4383 806 4474 Mense
833 4389 1032 4489 Februario
1060 4397 1169 4480 Anni
1212 4415 1350 4505 1702,
1397 4395 1598 4506 Catalogo
1626 4393 1854 4510 subjungere
1896 4428 1978 4484 non

669 4501 813 4602 licuit,
864 4530 1023 4619 propter
1052 4508 1245 4596 defeiinm
1275 4503 1620 4608 observationum.'
1661 4512 1816 4597 Etenim
1848 4509 1975 4598 versus

669 4617 806 4708 muudi
837 4621 969 4754 plagas
998 4623 1194 4748 Auliralet
1228 4621 1378 4714 cursum
1409 4623 1649 4750 dirigentes,
1690 4626 1800 4710 acin
1821 4621 1974 4760 Europae*

1907 4770 1973 4826 vix
