4420 5692
245 614 290 689 ci·
324 599 734 686 GEOMETRICAE
766 599 1111 680 ELEMENTA.
1150 603 1234 676 [ιι.
1269 599 1339 676 IV.
1411 610 1482 696 489
1612 600 1615 608 ’

170 747 364 840 Sateiiites
395 752 495 833 circa
514 749 686 831 ›dictum
708 747 907 857 gravitatis
953 773 1130 832 centrum
1169 746 1353 832 revoluti.
1404 743 1483 830 Sed
1501 775 1563 834 na.
1580 779 1678 834 xxm

172 871 288 950 Vires
323 860 500 976 utrasque
525 863 577 948 ad
610 863 760 946 Lunam
792 859 992 944 referimus
1007 919 1021 960 ,
1057 889 1218 976 propter
1249 862 1486 944 demonstra·
1526 859 1619 936 ΗΝ·

174 1005 215 1064 ta
242 978 293 1065 ad
319 983 433 1090 Prop.
469 1003 494 1059 n
527 982 568 1059 δι
597 999 657 1058 rr.
686 976 775 1057 Lib.
813 999 843 1056 1.
885 979 1034 1074 Porro,
1062 1004 1132 1090 per
1159 979 1278 1086 Prop.
1316 999 1390 1056 xx.
1413 974 1487 1058 Vis

175 1096 278 1180 Solis
306 1094 454 1174 Lunam
483 1089 853 1203 perturbans‚·quae
884 1091 937 1174 est
972 1112 1017 1170 ut
1050 1119 1077 1172 n
1107 1116 1162 1186 u,
1197 1091 1251 1172 est
1283 1087 1333 1172 ad
1363 1087 1485 1188 Vim,

176 1205 253 1318 qui
283 1209 392 1287 Luna
431 1207 470 1286 in
514 1203 625 1285 Orbe
662 1199 731 1284 suo
772 1203 983 1299 retinetur,
1024 1205 1065 1288 in
1106 1204 1302 1312 duplicata
1334 1203 1487 1286 ratione

177 1321 383 1432 Temporis
407 1313 598 1431 periodici
620 1317 734 1398 Lunae
764 1316 865 1398 circa
895 1319 1054 1402 Terram
1080 1318 1131 1400 ad
1157 1321 1327 1428 Tempus
1361 1316 1487 1427 perio·

100 1473 106 1480 ·
177 1433 307 1516 dicum
334 1438 460 1514 Terrae
493 1429 594 1514 circa
626 1430 760 1514 Solem
774 1441 795 1508 'r
837 1430 886 1511 Et
913 1430 1008 1526 Vis,
1042 1427 1121 1541 qui
1153 1431 1262 1513 Luna
1294 1432 1335 1513 in
1373 1431 1497 1513 Orbe·

179 1547 281 1630 circa
310 1550 470 1628 Terram
508 1544 710 1628 immotam
750 1543 1022 1626 revolveretur
1060 1541 1111 1626 ad
1140 1544 1369 1628 Distantiam
1407 1540 1487 1654 quai

181 1686 286 1744 nunc
318 1656 341 1742 a
370 1664 489 1740 Terra
521 1655 656 1754 distat,
685 1655 1125 1768 (quaeperPtop.n1.
1155 1656 1241 1739 Lib.
1271 1684 1300 1740 r.
1329 1656 1487 1768 equalis

179 1775 238 1860 cst
258 1773 335 1868 Vi,
360 1771 439 1884 quai
472 1797 575 1855 nunc
605 1771 646 1853 in
682 1771 793 1854 Orbe
833 1764 900 1856 suo
926 1771 1113 1856 retinetur
1142 1771 1243 1854 circa
1265 1769 1487 1884 pradidum

178 1886 378 2000 gravitatis
412 1909 616 1983 centrum,
648 1885 667 1993 )
700 1885 754 1967 est
787 1889 902 1995 (per
932 1883 1075 1966 Coroi.
1112 1910 1140 1966 r.
1184 1889 1301 1996 Prop.
1332 1909 1486 1970 xxvr.

180 2000 268 2086 Lib.
296 2025 324 2080 1.
353 2009 370 2104 )
403 1999 454 2082 ad
489 2001 605 2097 Vim,
641 1994 724 2111 qui
744 1999 888 2082 eodem
911 2023 1088 2110 tempore
1111 1997 1211 2081 circa
1241 2004 1399 2084 Terram
1429 2028 1489 2084 re·

180 2112 296 2197 volvi
325 2109 450 2226 poiset
480 2111 531 2197 ad
570 2091 800 2196 Distantiam
834 2109 913 2224 qua
947 2114 1056 2196 Luna
1091 2107 1114 2194 ί
1146 2110 1253 2197 dicto
1285 2114 1488 2226 gravitatis

183 2252 324 2316 centro
353 2229 500 2324 distat,
533 2249 579 2310 ut
604 2225 794 2310 Distantia
821 2225 940 2308 Lunae
969 2224 993 2309 i
1024 2230 1144 2311 Terra
1172 2223 1224 2312 ad
1256 2229 1491 2314 Distantiam

182 2343 302 2428 Lunae
339 2343 389 2424 ab
421 2343 496 2425 iiio
534 2339 734 2452 gravitatis
774 2362 957 2428 temtor
998 2367 1088 2426 nam
1124 2341 1241 2426 Luna
1280 2345 1321 2424 δι
1361 2348 1489 2428 Terrae

181 2462 381 2566 Tempora
411 2455 609 2569 periodica
646 2453 747 2537 circa
781 2481 918 2559 eorum
955 2482 1162 2563 commune
1189 2480 1374 2540 centrum·
1404 2482 1490 2566 gra·

183 2569 317 2653 vitatis
347 2565 433 2652 sunt
458 2567 596 2652 eadem
630 2569 719 2650 :Et
751 2567 824 2650 Vis
850 2567 1054 2677 praedicta,
1089 2565 1167 2677 quai
1205 2569 1314 2652 Luna
1349 2572 1491 2651 retine-

186 2707 292 2767 retur
317 2680 357 2764 in
391 2681 500 2788 Orbe
525 2679 593 2764 suo
621 2681 723 2763 circa
751 2686 911 2766 Terram
941 2683 1146 2766 immotam
1173 2680 1224 2761 ad
1259 2681 1489 2764 Distantiam

185 2799 301 2882 Lunae
319 2791 343 2876 i
363 2795 560 2880 communi
582 2795 659 2878 isto·
676 2795 877 2906 gravitatis
908 2817 1070 2889 centro,
1097 2793 1151 2875 est
1176 2791 1227 2874 ad
1252 2793 1345 2876 Vim
1369 2819 1496 2906 quam·

189 2909 434 2994 Gravitatem
463 2907 626 2992 dicimus
662 2921 791 3018 (qua
830 2907 968 2991 eadem
1000 2905 1160 3019 quidem
1192 2905 1247 2989 est
1277 2908 1382 3006 Vis,
1426 2901 1500 2990 sed²

188 3024 240 3111 ad
264 3020 496 3106 minoremi
525 3049 662 3106 centro
689 3019 926 3118 distantiam,
951 3047 1092 3134 nempe
1117 3019 1171 3103 ad
1192 3015 1318 3105 Terrae
1341 3045 1497 3104 tantum*

188 3134 433 3251 superficiem.
456 3161 670 3248 propag-ata
696 3137 714 3244 )
739 3134 778 3216 in
805 3134 1002 3245 duplicata
1027 3135 1178 3220 ratione
1208 3132 1501 3220 semidiametri·

190 3257 316 3337 Terrae
343 3248 394 3332 ad
419 3249 636 3360 predidam
674 3249 903 3331 Distantiam
932 3251 1049 3334 Lunx
1075 3246 1329 3345 i'communi
1355 3272 1503 3332 centro·

193 3363 393 3478 gravitatis
423 3364 539 3444 Lunae
563 3367 604 3444 &
634 3369 764 3446 Terrae
794 3393 804 3440 ε
840 3365 891 3446 Et
920 3362 1059 3560 ipitur,
1102 3364 1173 3446 Vis
1198 3364 1300 3447 Solis
1329 3385 1372 3446 ut
1403 3387 1431 3444 n
1458 3387 1500 3442 ra

193 3481 247 3566 cst
269 3476 321 3561 ad
340 3476 432 3559 Vim
458 3476 674 3560 Gravitatis
703 3475 744 3557 in
771 3479 897 3560 Tetrae
938 3477 1120 3588 uperficie
1144 3477 1184 3559 in
1214 3476 1366 3561 ratione
1391 3501 1500 3559 come

194 3591 320 3708 posita
344 3619 393 3674 ex
416 3583 516 3673 hisce
540 3589 661 3674 tribus
686 3587 902 3674 rationibus
923 3621 935 3681 s
962 3617 1103 3702 nempe
1136 3617 1185 3674 ex
1212 3591 1409 3703 duplicata
1437 3613 1500 3672 ται

196 3711 307 3812 tione
339 3705 551 3815 Temporis·
569 3701 760 3813 periodici
784 3703 900 3785 Lunae
926 3704 1027 3787 circa
1052 3709 1212 3788 Terram
1240 3704 1291 3788 ad
1325 3710 1497 3814 Tempus

196 3819 437 3936 periodicnm
466 3823 591 3904 Terrae
622 3819 723 3900 circa
751 3815 913 3912 Solem,
938 3843 987 3899 ex
1016 3819 1168 3899 ratione
1197 3818 1394 3900 Distantiae
1423 3816 1500 3897 Lu&

198 3963 256 4020 nae
284 3933 308 4018 i
334 3939 451 4018 Terra
478 3933 528 4016 ad
559 3930 789 4014 Distanriam
821 3929 937 4010 Lunae
968 3925 998 4010 i.
1021 3930 1227 4011 communi
1248 3951 1382 4012 centro
1414 3953 1506 4038 grae

198 4051 330 4134 vitatis
360 4050 474 4131 Lunae
509 4051 550 4130 oc
574 4050 724 4141 Terrae,
762 4047 805 4124 dt
836 4069 885 4124 ex
912 4043 1065 4124 ratione
1092 4039 1288 4151 duplicate
1317 4039 1499 4127 Semidia·
1609 4079 1613 4091 ·

200 4164 317 4248 metri.
338 4166 463 4245 Terrae
495 4159 546 4244 ad
575 4156 806 4244 Distantiam
836 4156 952 4238 Lunae
979 4154 1003 4239 ai
1026 4155 1224 4239 communi
1253 4179 1390 4240 centro
1414 4179 1504 4266 gra·

199 4276 333 4360 vitatis
355 4281 480 4358 Terrae
509 4277 549 4355 dc
579 4273 708 4356 Lunae.
766 4272 922 4354 Dantur
945 4293 1076 4354 autem
1095 4271 1266 4354 rationes
1290 4293 1367 4354 tres
1393 4293 1506 4350 com«

201 4413 395 4502 ponentes
422 4418 435 4477 r
461 4411 558 4500 crgo
587 4385 700 4470 datur
727 4387 769 4466 δι
802 4411 852 4468 ex
884 4379 985 4467 hisce
1015 4383 1230 4494 composita
1269 4384 1369 4466 ratio
1400 4382 1506 4464 inter

202 4503 295 4587 Vim
327 4501 429 4586 Solis
462 4525 506 4584 ut
541 4525 567 4582 n
601 4525 633 4582 n
667 4501 709 4582 dt
749 4497 963 4582 Gravitatis
991 4495 1100 4580 Vim.
1159 4495 1237 4582 Sed
1274 4501 1315 4580 δι
1345 4495 1507 4581 alterius

202 4613 548 4730 §inperturbatus
579 4634 873 4708 truantur
904 4608 1004 4811 rego
1035 4609 1511 4700 adnumera-noe
