<?xml version="1.0" encoding="UTF-8"?>
<!DOCTYPE html PUBLIC "-//W3C//DTD XHTML 1.0 Transitional//EN"
    "http://www.w3.org/TR/xhtml1/DTD/xhtml1-transitional.dtd">
<html xmlns="http://www.w3.org/1999/xhtml" xml:lang="en" lang="en">
 <head>
  <title>
</title>
<meta http-equiv="Content-Type" content="text/html;charset=utf-8" />
  <meta name='ocr-system' content='tesseract 3.04.00' />
  <meta name='ocr-capabilities' content='ocr_page ocr_carea ocr_par ocr_line ocrx_word'/>
</head>
<body>
  <div class='ocr_page' id='page_1' title='image "./davidisgregorii00huargoog_0375.png"; bbox 0 0 4322 5686; ppageno 0'>
   <div class='ocr_carea' id='block_1_1' title="bbox 0 0 4 2291">
    <p class='ocr_par' dir='ltr' id='par_1_1' title="bbox 0 0 4 2291">
     <span class='ocr_line' id='line_1_1' title="bbox 0 0 4 2291; baseline 0 0"><span class='ocrx_word' id='word_1_1' title='bbox 0 0 4 2291; x_wconf 95' lang='lat' dir='ltr'> </span> 
     </span>
    </p>
   </div>
   <div class='ocr_carea' id='block_1_2' title="bbox 743 529 1885 852">
    <p class='ocr_par' dir='ltr' id='par_1_2' title="bbox 743 461 1885 852">
     <span class='ocr_line' id='line_1_2' title="bbox 743 529 1885 662; baseline -0.004 -20"><span class='ocrx_word' id='word_1_2' title='bbox 743 557 848 662; x_wconf 71' lang='lat'>730²</span> <span class='ocrx_word' id='word_1_3' title='bbox 909 543 1477 642; x_wconf 45' lang='lat' dir='ltr'>ursrnouourc</span> <span class='ocrx_word' id='word_1_4' title='bbox 1523 529 1885 640; x_wconf 70' lang='lat' dir='ltr'>r‘ursrcre</span> 
     </span>
     <span class='ocr_line' id='line_1_3' title="bbox 761 676 1871 852; baseline -0.007 -1"><span class='ocrx_word' id='word_1_5' title='bbox 761 676 768 686; x_wconf 63' lang='grc'><strong><em>’</em></strong></span> <span class='ocrx_word' id='word_1_6' title='bbox 1048 743 1588 848; x_wconf 76' lang='lat' dir='ltr'>Puooosmo</span> <span class='ocrx_word' id='word_1_7' title='bbox 1640 745 1762 852; x_wconf 85' lang='lat' dir='ltr'>vu.</span> <span class='ocrx_word' id='word_1_8' title='bbox 1821 765 1871 819; x_wconf 87' lang='lat'>.·</span> 
     </span>
    </p>
   </div>
   <div class='ocr_carea' id='block_1_3' title="bbox 749 935 2044 1078">
    <p class='ocr_par' dir='ltr' id='par_1_3' title="bbox 749 935 2044 1078">
     <span class='ocr_line' id='line_1_4' title="bbox 749 935 2044 1078; baseline -0.002 -28"><span class='ocrx_word' id='word_1_9' title='bbox 749 935 762 1068; x_wconf 22' lang='grc' dir='ltr'>Ι,</span> <span class='ocrx_word' id='word_1_10' title='bbox 800 963 1041 1050; x_wconf 80' lang='lat' dir='ltr'>Phaenomena</span> <span class='ocrx_word' id='word_1_11' title='bbox 1074 961 1196 1050; x_wconf 84' lang='lat' dir='ltr'><em>Oculo</em></span> <span class='ocrx_word' id='word_1_12' title='bbox 1214 971 1258 1046; x_wconf 84' lang='lat' dir='ltr'>in</span> <span class='ocrx_word' id='word_1_13' title='bbox 1278 960 1429 1050; x_wconf 77' lang='lat' dir='ltr'>Cometa</span> <span class='ocrx_word' id='word_1_14' title='bbox 1451 968 1577 1078; x_wconf 80' lang='lat' dir='ltr'>aliquo</span> <span class='ocrx_word' id='word_1_15' title='bbox 1597 963 1707 1074; x_wconf 74' lang='lat' dir='ltr'>postte</span> <span class='ocrx_word' id='word_1_16' title='bbox 1730 962 1813 1073; x_wconf 74' lang='lat' dir='ltr'>visto</span> <span class='ocrx_word' id='word_1_17' title='bbox 1827 961 2044 1076; x_wconf 82' lang='lat' dir='ltr'><em>describere.</em></span> 
     </span>
    </p>
   </div>
   <div class='ocr_carea' id='block_1_4' title="bbox 745 1202 2083 1536">
    <p class='ocr_par' dir='ltr' id='par_1_4' title="bbox 745 1202 2083 1536">
     <span class='ocr_line' id='line_1_5' title="bbox 745 1202 2080 1372; baseline 0.001 -83"><span class='ocrx_word' id='word_1_18' title='bbox 745 1202 984 1372; x_wconf 84' lang='lat' dir='ltr'>Cometas</span> <span class='ocrx_word' id='word_1_19' title='bbox 1023 1202 1073 1288; x_wconf 87' lang='lat' dir='ltr'>ad</span> <span class='ocrx_word' id='word_1_20' title='bbox 1110 1203 1285 1290; x_wconf 89' lang='lat' dir='ltr'>Planetas</span> <span class='ocrx_word' id='word_1_21' title='bbox 1321 1205 1519 1317; x_wconf 88' lang='lat' dir='ltr'>primarios</span> <span class='ocrx_word' id='word_1_22' title='bbox 1555 1204 1786 1308; x_wconf 82' lang='lat' dir='ltr'>referimus,</span> <span class='ocrx_word' id='word_1_23' title='bbox 1830 1210 1977 1320; x_wconf 87' lang='lat' dir='ltr'>quippe</span> <span class='ocrx_word' id='word_1_24' title='bbox 2006 1205 2080 1319; x_wconf 86' lang='lat' dir='ltr'>qui</span> 
     </span>
     <span class='ocr_line' id='line_1_6' title="bbox 746 1315 2077 1427; baseline 0.001 -30"><span class='ocrx_word' id='word_1_25' title='bbox 746 1389 755 1397; x_wconf 88' lang='lat'>..</span> <span class='ocrx_word' id='word_1_26' title='bbox 846 1318 885 1402; x_wconf 87' lang='lat' dir='ltr'>in</span> <span class='ocrx_word' id='word_1_27' title='bbox 928 1315 1092 1400; x_wconf 88' lang='lat' dir='ltr'>Orbium</span> <span class='ocrx_word' id='word_1_28' title='bbox 1136 1317 1420 1400; x_wconf 87' lang='lat' dir='ltr'>excentricitate</span> <span class='ocrx_word' id='word_1_29' title='bbox 1460 1316 1510 1399; x_wconf 84' lang='lat' dir='ltr'>ab</span> <span class='ocrx_word' id='word_1_30' title='bbox 1553 1317 1624 1399; x_wconf 91' lang='lat' dir='ltr'>illis</span> <span class='ocrx_word' id='word_1_31' title='bbox 1663 1321 1848 1427; x_wconf 82' lang='lat' dir='ltr'>praecipue</span> <span class='ocrx_word' id='word_1_32' title='bbox 1874 1315 2077 1418; x_wconf 76' lang='lat' dir='ltr'>differunt.</span> 
     </span>
     <span class='ocr_line' id='line_1_7' title="bbox 746 1422 2083 1536; baseline -0.004 -25"><span class='ocrx_word' id='word_1_33' title='bbox 746 1429 892 1511; x_wconf 88' lang='lat' dir='ltr'>Oculus</span> <span class='ocrx_word' id='word_1_34' title='bbox 928 1427 967 1509; x_wconf 93' lang='lat' dir='ltr'>in</span> <span class='ocrx_word' id='word_1_35' title='bbox 1009 1425 1182 1508; x_wconf 83' lang='lat' dir='ltr'>Cometa</span> <span class='ocrx_word' id='word_1_36' title='bbox 1209 1426 1420 1512; x_wconf 85' lang='lat' dir='ltr'>collocatus</span> <span class='ocrx_word' id='word_1_37' title='bbox 1448 1422 1693 1536; x_wconf 75' lang='lat' dir='ltr'>atmolphaeri</span> <span class='ocrx_word' id='word_1_38' title='bbox 1722 1424 1885 1510; x_wconf 71' lang='lat' dir='ltr'>maximi</span> <span class='ocrx_word' id='word_1_39' title='bbox 1913 1429 1954 1508; x_wconf 81' lang='grc' dir='ltr'>δι</span> <span class='ocrx_word' id='word_1_40' title='bbox 1982 1423 2083 1506; x_wconf 89' lang='lat' dir='ltr'>den·</span> 
     </span>
    </p>
   </div>
   <div class='ocr_carea' id='block_1_5' title="bbox 747 1531 2159 1647">
    <p class='ocr_par' dir='ltr' id='par_1_5' title="bbox 747 1531 2159 1647">
     <span class='ocr_line' id='line_1_8' title="bbox 747 1531 2159 1647; baseline -0.001 -27"><span class='ocrx_word' id='word_1_41' title='bbox 747 1534 879 1620; x_wconf 81' lang='lat' dir='ltr'>lillunai</span> <span class='ocrx_word' id='word_1_42' title='bbox 906 1531 980 1618; x_wconf 90' lang='lat' dir='ltr'>sese</span> <span class='ocrx_word' id='word_1_43' title='bbox 1005 1534 1225 1618; x_wconf 88' lang='lat' dir='ltr'>involutum</span> <span class='ocrx_word' id='word_1_44' title='bbox 1253 1532 1389 1634; x_wconf 88' lang='lat' dir='ltr'>sentit,</span> <span class='ocrx_word' id='word_1_45' title='bbox 1428 1563 1513 1647; x_wconf 76' lang='lat' dir='ltr'>quae</span> <span class='ocrx_word' id='word_1_46' title='bbox 1541 1537 1582 1618; x_wconf 93' lang='lat' dir='ltr'>in</span> <span class='ocrx_word' id='word_1_47' title='bbox 1609 1531 1784 1618; x_wconf 87' lang='lat' dir='ltr'>descensu</span> <span class='ocrx_word' id='word_1_48' title='bbox 1813 1535 1861 1618; x_wconf 90' lang='lat' dir='ltr'>ab</span> <span class='ocrx_word' id='word_1_49' title='bbox 1887 1532 2084 1644; x_wconf 81' lang='lat' dir='ltr'>Apheli0,</span> <span class='ocrx_word' id='word_1_50' title='bbox 2158 1551 2159 1618; x_wconf 46' lang='grc' dir='ltr'><strong>ἱ</strong></span> 
     </span>
    </p>
   </div>
   <div class='ocr_carea' id='block_1_6' title="bbox 746 1643 2159 1757">
    <p class='ocr_par' dir='ltr' id='par_1_6' title="bbox 746 1643 2159 1757">
     <span class='ocr_line' id='line_1_9' title="bbox 746 1643 2159 1757; baseline -0.006 -26"><span class='ocrx_word' id='word_1_51' title='bbox 746 1647 935 1757; x_wconf 77' lang='lat' dir='ltr'>precipue</span> <span class='ocrx_word' id='word_1_52' title='bbox 976 1643 1179 1754; x_wconf 88' lang='lat' dir='ltr'>postquam</span> <span class='ocrx_word' id='word_1_53' title='bbox 1196 1665 1202 1672; x_wconf 82' lang='lat'>·</span> <span class='ocrx_word' id='word_1_54' title='bbox 1218 1646 1261 1728; x_wconf 91' lang='lat' dir='ltr'>in</span> <span class='ocrx_word' id='word_1_55' title='bbox 1289 1647 1480 1732; x_wconf 87' lang='lat' dir='ltr'>minorum</span> <span class='ocrx_word' id='word_1_56' title='bbox 1507 1646 1749 1742; x_wconf 83' lang='lat' dir='ltr'>Planetarum</span> <span class='ocrx_word' id='word_1_57' title='bbox 1778 1646 1971 1757; x_wconf 80' lang='lat' dir='ltr'>regionem</span> <span class='ocrx_word' id='word_1_58' title='bbox 2003 1643 2087 1724; x_wconf 91' lang='lat' dir='ltr'>im-</span> <span class='ocrx_word' id='word_1_59' title='bbox 2158 1659 2159 1736; x_wconf 68' lang='grc' dir='ltr'>ξ</span> 
     </span>
    </p>
   </div>
   <div class='ocr_carea' id='block_1_7' title="bbox 747 1748 2088 1866">
    <p class='ocr_par' dir='ltr' id='par_1_7' title="bbox 747 1748 2088 1866">
     <span class='ocr_line' id='line_1_10' title="bbox 747 1748 2088 1866; baseline -0.004 -26"><span class='ocrx_word' id='word_1_60' title='bbox 747 1757 970 1866; x_wconf 85' lang='lat' dir='ltr'>mergitur,</span> <span class='ocrx_word' id='word_1_61' title='bbox 1016 1748 1157 1838; x_wconf 87' lang='lat' dir='ltr'>crescit.</span> <span class='ocrx_word' id='word_1_62' title='bbox 1239 1751 1503 1866; x_wconf 80' lang='lat' dir='ltr'>Atmolphaera</span> <span class='ocrx_word' id='word_1_63' title='bbox 1545 1752 1625 1838; x_wconf 83' lang='lat' dir='ltr'>haec</span> <span class='ocrx_word' id='word_1_64' title='bbox 1669 1779 1749 1836; x_wconf 89' lang='lat' dir='ltr'>tam</span> <span class='ocrx_word' id='word_1_65' title='bbox 1790 1749 1899 1838; x_wconf 85' lang='lat' dir='ltr'>densa</span> <span class='ocrx_word' id='word_1_66' title='bbox 1941 1751 2000 1834; x_wconf 83' lang='lat' dir='ltr'>est</span> <span class='ocrx_word' id='word_1_67' title='bbox 2042 1755 2088 1834; x_wconf 73' lang='lat' dir='ltr'>dt</span> 
     </span>
    </p>
   </div>
   <div class='ocr_carea' id='block_1_8' title="bbox 651 1860 2159 1962">
    <p class='ocr_par' dir='ltr' id='par_1_8' title="bbox 651 1860 2159 1962">
     <span class='ocr_line' id='line_1_11' title="bbox 651 1860 2159 1962; baseline -0.007 -10"><span class='ocrx_word' id='word_1_68' title='bbox 651 1902 654 1910; x_wconf 90' lang='lat'>·</span> <span class='ocrx_word' id='word_1_69' title='bbox 748 1863 945 1962; x_wconf 72' lang='lat' dir='ltr'>tumida,</span> <span class='ocrx_word' id='word_1_70' title='bbox 991 1886 1033 1947; x_wconf 92' lang='lat' dir='ltr'>ut</span> <span class='ocrx_word' id='word_1_71' title='bbox 1070 1863 1187 1958; x_wconf 78' lang='lat' dir='ltr'>chaos</span> <span class='ocrx_word' id='word_1_72' title='bbox 1225 1861 1354 1948; x_wconf 86' lang='lat' dir='ltr'>versus</span> <span class='ocrx_word' id='word_1_73' title='bbox 1389 1861 1442 1948; x_wconf 87' lang='lat' dir='ltr'>sui</span> <span class='ocrx_word' id='word_1_74' title='bbox 1470 1865 1589 1946; x_wconf 92' lang='lat' dir='ltr'>imum</span> <span class='ocrx_word' id='word_1_75' title='bbox 1618 1860 1758 1948; x_wconf 86' lang='lat' dir='ltr'>referat</span> <span class='ocrx_word' id='word_1_76' title='bbox 1785 1860 1874 1945; x_wconf 84' lang='lat' dir='ltr'>fere.</span> <span class='ocrx_word' id='word_1_77' title='bbox 1953 1865 2085 1944; x_wconf 89' lang='lat' dir='ltr'>Incer-</span> <span class='ocrx_word' id='word_1_78' title='bbox 2158 1873 2159 1926; x_wconf 61' lang='lat' dir='ltr'>l</span> 
     </span>
    </p>
   </div>
   <div class='ocr_carea' id='block_1_9' title="bbox 747 1967 2086 2415">
    <p class='ocr_par' dir='ltr' id='par_1_9' title="bbox 747 1967 2086 2415">
     <span class='ocr_line' id='line_1_12' title="bbox 747 1967 2086 2084; baseline -0.004 -24"><span class='ocrx_word' id='word_1_79' title='bbox 747 1999 831 2060; x_wconf 90' lang='lat' dir='ltr'>tum</span> <span class='ocrx_word' id='word_1_80' title='bbox 876 1973 931 2058; x_wconf 89' lang='lat' dir='ltr'>est</span> <span class='ocrx_word' id='word_1_81' title='bbox 957 1999 1006 2056; x_wconf 90' lang='lat' dir='ltr'>an</span> <span class='ocrx_word' id='word_1_82' title='bbox 1029 1973 1204 2055; x_wconf 72' lang='lat' dir='ltr'>,Cometa</span> <span class='ocrx_word' id='word_1_83' title='bbox 1231 1974 1271 2056; x_wconf 93' lang='lat' dir='ltr'>in</span> <span class='ocrx_word' id='word_1_84' title='bbox 1299 1968 1453 2084; x_wconf 91' lang='lat' dir='ltr'>seipsum</span> <span class='ocrx_word' id='word_1_85' title='bbox 1483 1973 1745 2062; x_wconf 77' lang='lat' dir='ltr'>revolvaturr</span> <span class='ocrx_word' id='word_1_86' title='bbox 1790 1967 1999 2054; x_wconf 76' lang='lat' dir='ltr'>verisimile</span> <span class='ocrx_word' id='word_1_87' title='bbox 2029 1997 2086 2054; x_wconf 80' lang='lat' dir='ltr'>ta·</span> 
     </span>
     <span class='ocr_line' id='line_1_13' title="bbox 748 2079 2083 2194; baseline -0.006 -23"><span class='ocrx_word' id='word_1_88' title='bbox 748 2111 839 2170; x_wconf 88' lang='lat' dir='ltr'>men</span> <span class='ocrx_word' id='word_1_89' title='bbox 877 2081 932 2168; x_wconf 91' lang='lat' dir='ltr'>est</span> <span class='ocrx_word' id='word_1_90' title='bbox 960 2082 1102 2179; x_wconf 87' lang='lat' dir='ltr'>illum,</span> <span class='ocrx_word' id='word_1_91' title='bbox 1142 2081 1305 2170; x_wconf 86' lang='lat' dir='ltr'>aliorum</span> <span class='ocrx_word' id='word_1_92' title='bbox 1332 2110 1558 2194; x_wconf 85' lang='lat' dir='ltr'>magnonun</span> <span class='ocrx_word' id='word_1_93' title='bbox 1586 2079 1725 2188; x_wconf 83' lang='lat' dir='ltr'>Mundi</span> <span class='ocrx_word' id='word_1_94' title='bbox 1753 2107 1963 2190; x_wconf 85' lang='lat' dir='ltr'>corponun</span> <span class='ocrx_word' id='word_1_95' title='bbox 1994 2084 2083 2178; x_wconf 89' lang='lat' dir='ltr'>ritu,</span> 
     </span>
     <span class='ocr_line' id='line_1_14' title="bbox 747 2185 2083 2289; baseline -0.004 -10"><span class='ocrx_word' id='word_1_96' title='bbox 747 2219 886 2280; x_wconf 84' lang='lat' dir='ltr'>omnes</span> <span class='ocrx_word' id='word_1_97' title='bbox 924 2185 978 2274; x_wconf 89' lang='lat' dir='ltr'>sui</span> <span class='ocrx_word' id='word_1_98' title='bbox 997 2189 1130 2277; x_wconf 75' lang='lat' dir='ltr'>,facies</span> <span class='ocrx_word' id='word_1_99' title='bbox 1164 2186 1293 2275; x_wconf 86' lang='lat' dir='ltr'>versus</span> <span class='ocrx_word' id='word_1_100' title='bbox 1320 2192 1453 2278; x_wconf 89' lang='lat' dir='ltr'>Solem</span> <span class='ocrx_word' id='word_1_101' title='bbox 1483 2212 1744 2289; x_wconf 82' lang='lat' dir='ltr'>conuertere,</span> <span class='ocrx_word' id='word_1_102' title='bbox 1785 2214 1829 2275; x_wconf 92' lang='lat' dir='ltr'>ut</span> <span class='ocrx_word' id='word_1_103' title='bbox 1856 2215 1910 2275; x_wconf 78' lang='lat' dir='ltr'>va</span> <span class='ocrx_word' id='word_1_104' title='bbox 1940 2215 1990 2274; x_wconf 92' lang='lat' dir='ltr'>or</span> <span class='ocrx_word' id='word_1_105' title='bbox 2021 2218 2083 2274; x_wconf 89' lang='lat' dir='ltr'>co-</span> 
     </span>
     <span class='ocr_line' id='line_1_15' title="bbox 748 2217 2084 2415; baseline -0.003 -29"><span class='ocrx_word' id='word_1_106' title='bbox 748 2300 891 2415; x_wconf 78' lang='lat' dir='ltr'>piosior</span> <span class='ocrx_word' id='word_1_107' title='bbox 929 2298 1021 2384; x_wconf 89' lang='lat' dir='ltr'>inde</span> <span class='ocrx_word' id='word_1_108' title='bbox 1055 2299 1242 2384; x_wconf 78' lang='lat' dir='ltr'>elevetur.</span> <span class='ocrx_word' id='word_1_109' title='bbox 1316 2297 1381 2384; x_wconf 81' lang='lat' dir='ltr'>An</span> <span class='ocrx_word' id='word_1_110' title='bbox 1420 2326 1519 2384; x_wconf 88' lang='lat' dir='ltr'>vero</span> <span class='ocrx_word' id='word_1_111' title='bbox 1553 2295 1759 2384; x_wconf 85' lang='lat' dir='ltr'>converfio·</span> <span class='ocrx_word' id='word_1_112' title='bbox 1788 2298 1868 2396; x_wconf 76' lang='lat' dir='ltr'>haec</span> <span class='ocrx_word' id='word_1_113' title='bbox 1896 2217 1943 2384; x_wconf 65' lang='lat' dir='ltr'>dl</span> <span class='ocrx_word' id='word_1_114' title='bbox 1973 2297 2084 2410; x_wconf 87' lang='lat' dir='ltr'>super</span> 
     </span>
    </p>
   </div>
   <div class='ocr_carea' id='block_1_10' title="bbox 748 2405 2159 2507">
    <p class='ocr_par' dir='ltr' id='par_1_10' title="bbox 748 2405 2159 2507">
     <span class='ocr_line' id='line_1_16' title="bbox 748 2405 2159 2507; baseline -0.001 -12"><span class='ocrx_word' id='word_1_115' title='bbox 748 2412 883 2496; x_wconf 89' lang='lat' dir='ltr'>datum</span> <span class='ocrx_word' id='word_1_116' title='bbox 911 2435 1051 2507; x_wconf 83' lang='lat' dir='ltr'>axem,</span> <span class='ocrx_word' id='word_1_117' title='bbox 1089 2406 1242 2493; x_wconf 80' lang='lat' dir='ltr'>difficile</span> <span class='ocrx_word' id='word_1_118' title='bbox 1267 2405 1362 2498; x_wconf 79' lang='lat' dir='ltr'>ellet¹</span> <span class='ocrx_word' id='word_1_119' title='bbox 1384 2408 1670 2504; x_wconf 55' lang='lat' dir='ltr'>detemtinate„</span> <span class='ocrx_word' id='word_1_120' title='bbox 1719 2407 1761 2494; x_wconf 85' lang='lat' dir='ltr'>Si</span> <span class='ocrx_word' id='word_1_121' title='bbox 1788 2409 1967 2494; x_wconf 90' lang='lat' dir='ltr'>Nucleus</span> <span class='ocrx_word' id='word_1_122' title='bbox 1995 2437 2085 2494; x_wconf 87' lang='lat' dir='ltr'>cun·</span> <span class='ocrx_word' id='word_1_123' title='bbox 2158 2425 2159 2432; x_wconf 68' lang='lat'>‘</span> 
     </span>
    </p>
   </div>
   <div class='ocr_carea' id='block_1_11' title="bbox 744 2514 2084 3396">
    <p class='ocr_par' dir='ltr' id='par_1_11' title="bbox 744 2514 2084 3396">
     <span class='ocr_line' id='line_1_17' title="bbox 748 2514 2084 2631; baseline -0.003 -26"><span class='ocrx_word' id='word_1_124' title='bbox 748 2522 950 2619; x_wconf 79' lang='lat' dir='ltr'>vertitur,</span> <span class='ocrx_word' id='word_1_125' title='bbox 1002 2519 1126 2603; x_wconf 88' lang='lat' dir='ltr'>omnis</span> <span class='ocrx_word' id='word_1_126' title='bbox 1169 2514 1455 2631; x_wconf 84' lang='lat' dir='ltr'>atmosphaera,</span> <span class='ocrx_word' id='word_1_127' title='bbox 1499 2520 1686 2629; x_wconf 79' lang='lat' dir='ltr'>praecipue</span> <span class='ocrx_word' id='word_1_128' title='bbox 1726 2543 1812 2628; x_wconf 81' lang='lat' dir='ltr'>pars</span> <span class='ocrx_word' id='word_1_129' title='bbox 1857 2519 1927 2602; x_wconf 82' lang='lat' dir='ltr'>illa</span> <span class='ocrx_word' id='word_1_130' title='bbox 1968 2520 2084 2602; x_wconf 85' lang='lat' dir='ltr'>altior</span> 
     </span>
     <span class='ocr_line' id='line_1_18' title="bbox 749 2624 2083 2744; baseline -0.001 -30"><span class='ocrx_word' id='word_1_131' title='bbox 749 2636 837 2744; x_wconf 85' lang='lat' dir='ltr'>qua:</span> <span class='ocrx_word' id='word_1_132' title='bbox 865 2632 905 2712; x_wconf 92' lang='lat' dir='ltr'>in</span> <span class='ocrx_word' id='word_1_133' title='bbox 933 2651 1059 2740; x_wconf 85' lang='lat' dir='ltr'>partes</span> <span class='ocrx_word' id='word_1_134' title='bbox 1086 2624 1109 2713; x_wconf 71' lang='lat' dir='ltr'>i</span> <span class='ocrx_word' id='word_1_135' title='bbox 1136 2627 1228 2712; x_wconf 86' lang='lat' dir='ltr'>Sole</span> <span class='ocrx_word' id='word_1_136' title='bbox 1256 2624 1404 2726; x_wconf 78' lang='lat' dir='ltr'>auersas</span> <span class='ocrx_word' id='word_1_137' title='bbox 1431 2627 1671 2737; x_wconf 87' lang='lat' dir='ltr'>protenditur</span> <span class='ocrx_word' id='word_1_138' title='bbox 1687 2685 1712 2728; x_wconf 19' lang='lat' dir='ltr'>,J</span> <span class='ocrx_word' id='word_1_139' title='bbox 1738 2653 1820 2729; x_wconf 74' lang='lat' dir='ltr'>nun</span> <span class='ocrx_word' id='word_1_140' title='bbox 1848 2655 1927 2712; x_wconf 84' lang='lat' dir='ltr'>una</span> <span class='ocrx_word' id='word_1_141' title='bbox 1956 2629 2083 2723; x_wconf 81' lang='lat' dir='ltr'>revol-</span> 
     </span>
     <span class='ocr_line' id='line_1_19' title="bbox 747 2735 2083 2850; baseline 0.001 -30"><span class='ocrx_word' id='word_1_142' title='bbox 747 2741 864 2822; x_wconf 56' lang='lat' dir='ltr'>&#39;vitun</span> <span class='ocrx_word' id='word_1_143' title='bbox 889 2763 932 2822; x_wconf 92' lang='lat' dir='ltr'>ut</span> <span class='ocrx_word' id='word_1_144' title='bbox 972 2739 1014 2820; x_wconf 93' lang='lat' dir='ltr'>in</span> <span class='ocrx_word' id='word_1_145' title='bbox 1052 2736 1215 2830; x_wconf 86' lang='lat' dir='ltr'>Telluris</span> <span class='ocrx_word' id='word_1_146' title='bbox 1254 2735 1501 2850; x_wconf 80' lang='lat' dir='ltr'>atmosphaera</span> <span class='ocrx_word' id='word_1_147' title='bbox 1529 2735 1574 2822; x_wconf 84' lang='lat' dir='ltr'>fit</span> <span class='ocrx_word' id='word_1_148' title='bbox 1602 2771 1614 2821; x_wconf 72' lang='grc' dir='ltr'><strong><em>ε</em></strong></span> <span class='ocrx_word' id='word_1_149' title='bbox 1669 2739 1817 2840; x_wconf 77' lang='lat' dir='ltr'>Verum</span> <span class='ocrx_word' id='word_1_150' title='bbox 1840 2762 1974 2850; x_wconf 52' lang='lat' dir='ltr'>‚vapor</span> <span class='ocrx_word' id='word_1_151' title='bbox 1999 2737 2083 2834; x_wconf 85' lang='lat' dir='ltr'>iste,</span> 
     </span>
     <span class='ocr_line' id='line_1_20' title="bbox 745 2845 2084 2948; baseline 0 -18"><span class='ocrx_word' id='word_1_152' title='bbox 745 2845 775 2930; x_wconf 77' lang='grc' dir='ltr'>ὲ</span> <span class='ocrx_word' id='word_1_153' title='bbox 815 2851 986 2932; x_wconf 87' lang='lat' dir='ltr'>Cometa</span> <span class='ocrx_word' id='word_1_154' title='bbox 1029 2845 1159 2930; x_wconf 86' lang='lat' dir='ltr'>exiens</span> <span class='ocrx_word' id='word_1_155' title='bbox 1199 2853 1239 2931; x_wconf 75' lang='grc' dir='ltr'>δε</span> <span class='ocrx_word' id='word_1_156' title='bbox 1279 2847 1439 2942; x_wconf 86' lang='lat' dir='ltr'>caudam</span> <span class='ocrx_word' id='word_1_157' title='bbox 1468 2848 1698 2942; x_wconf 70' lang='lat' dir='ltr'>constituens</span> <span class='ocrx_word' id='word_1_158' title='bbox 1724 2906 1739 2946; x_wconf 71' lang='lat'><em>2</em></span> <span class='ocrx_word' id='word_1_159' title='bbox 1769 2875 1862 2948; x_wconf 74' lang='lat' dir='ltr'>,non</span> <span class='ocrx_word' id='word_1_160' title='bbox 1888 2873 1970 2942; x_wconf 83' lang='lat' dir='ltr'>tam</span> <span class='ocrx_word' id='word_1_161' title='bbox 1996 2849 2084 2932; x_wconf 89' lang='lat' dir='ltr'>Co-</span> 
     </span>
     <span class='ocr_line' id='line_1_21' title="bbox 747 2952 2082 3068; baseline 0.003 -28"><span class='ocrx_word' id='word_1_162' title='bbox 747 2981 865 3050; x_wconf 81' lang='lat' dir='ltr'>‚metae</span> <span class='ocrx_word' id='word_1_163' title='bbox 907 2957 1111 3058; x_wconf 77' lang='lat' dir='ltr'>conjmeta</span> <span class='ocrx_word' id='word_1_164' title='bbox 1149 2961 1221 3057; x_wconf 75' lang='lat' dir='ltr'>&#39;lut</span> <span class='ocrx_word' id='word_1_165' title='bbox 1259 2957 1419 3042; x_wconf 88' lang='lat' dir='ltr'>Telluris</span> <span class='ocrx_word' id='word_1_166' title='bbox 1454 2952 1702 3068; x_wconf 76' lang='lat' dir='ltr'>aonulphaera</span> <span class='ocrx_word' id='word_1_167' title='bbox 1728 2954 1881 3043; x_wconf 81' lang='lat' dir='ltr'>etaffior</span> <span class='ocrx_word' id='word_1_168' title='bbox 1906 2957 2082 3052; x_wconf 83' lang='lat' dir='ltr'>Telluri)</span> 
     </span>
     <span class='ocr_line' id='line_1_22' title="bbox 749 3061 2083 3198; baseline -0.001 -48"><span class='ocrx_word' id='word_1_169' title='bbox 749 3061 908 3176; x_wconf 82' lang='lat' dir='ltr'>ejusque</span> <span class='ocrx_word' id='word_1_170' title='bbox 945 3088 1094 3175; x_wconf 85' lang='lat' dir='ltr'>partem</span> <span class='ocrx_word' id='word_1_171' title='bbox 1128 3065 1358 3152; x_wconf 84' lang='lat' dir='ltr'>constituens</span> <span class='ocrx_word' id='word_1_172' title='bbox 1384 3103 1409 3166; x_wconf 81' lang='grc'>,·</span> <span class='ocrx_word' id='word_1_173' title='bbox 1443 3063 1627 3152; x_wconf 87' lang='lat' dir='ltr'>censenda</span> <span class='ocrx_word' id='word_1_174' title='bbox 1655 3067 1755 3168; x_wconf 87' lang='lat' dir='ltr'>est,</span> <span class='ocrx_word' id='word_1_175' title='bbox 1796 3089 1916 3198; x_wconf 84' lang='lat' dir='ltr'>quam</span> <span class='ocrx_word' id='word_1_176' title='bbox 1947 3091 2083 3177; x_wconf 79' lang='lat' dir='ltr'>corpus</span> 
     </span>
     <span class='ocr_line' id='line_1_23' title="bbox 751 3171 2083 3366; baseline 0.002 -108"><span class='ocrx_word' id='word_1_177' title='bbox 751 3171 963 3285; x_wconf 66' lang='lat' dir='ltr'>separaum</span> <span class='ocrx_word' id='word_1_178' title='bbox 994 3233 1008 3271; x_wconf 86' lang='grc'>,</span> <span class='ocrx_word' id='word_1_179' title='bbox 1053 3174 1159 3366; x_wconf 57' lang='lat' dir='ltr'>ctitjus</span> <span class='ocrx_word' id='word_1_180' title='bbox 1184 3175 1377 3286; x_wconf 84' lang='lat' dir='ltr'>particulae</span> <span class='ocrx_word' id='word_1_181' title='bbox 1404 3173 1555 3289; x_wconf 82' lang='lat' dir='ltr'>smgulae</span> <span class='ocrx_word' id='word_1_182' title='bbox 1581 3171 1731 3260; x_wconf 77' lang='lat' dir='ltr'>seorsim</span> <span class='ocrx_word' id='word_1_183' title='bbox 1750 3227 1787 3276; x_wconf 83' lang='lat'>,·</span> <span class='ocrx_word' id='word_1_184' title='bbox 1808 3206 1851 3262; x_wconf 91' lang='lat' dir='ltr'>m</span> <span class='ocrx_word' id='word_1_185' title='bbox 1883 3173 2009 3289; x_wconf 87' lang='lat' dir='ltr'>spatio</span> <span class='ocrx_word' id='word_1_186' title='bbox 2040 3176 2083 3260; x_wconf 84' lang='lat' dir='ltr'>li-</span> 
     </span>
     <span class='ocr_line' id='line_1_24' title="bbox 744 3283 1969 3396; baseline 0.002 -27"><span class='ocrx_word' id='word_1_187' title='bbox 744 3285 886 3382; x_wconf 73' lang='lat' dir='ltr'>bero,</span> <span class='ocrx_word' id='word_1_188' title='bbox 926 3291 1057 3368; x_wconf 88' lang='lat' dir='ltr'>motus</span> <span class='ocrx_word' id='word_1_189' title='bbox 1097 3311 1169 3368; x_wconf 87' lang='lat' dir='ltr'>uos</span> <span class='ocrx_word' id='word_1_190' title='bbox 1198 3283 1339 3396; x_wconf 75' lang='lat' dir='ltr'>(ipsius</span> <span class='ocrx_word' id='word_1_191' title='bbox 1367 3287 1545 3372; x_wconf 74' lang='lat' dir='ltr'>Comere</span> <span class='ocrx_word' id='word_1_192' title='bbox 1572 3287 1685 3371; x_wconf 88' lang='lat' dir='ltr'>instar</span> <span class='ocrx_word' id='word_1_193' title='bbox 1699 3288 1969 3384; x_wconf 80' lang='lat' dir='ltr'>)·excement.</span> 
     </span>
    </p>
   </div>
   <div class='ocr_carea' id='block_1_12' title="bbox 744 3419 2083 3540">
    <p class='ocr_par' dir='ltr' id='par_1_12' title="bbox 744 3419 2083 3540">
     <span class='ocr_line' id='line_1_25' title="bbox 744 3419 2083 3540; baseline -0.004 -23"><span class='ocrx_word' id='word_1_194' title='bbox 744 3441 749 3448; x_wconf 87' lang='lat'>&#39;</span> <span class='ocrx_word' id='word_1_195' title='bbox 791 3419 913 3517; x_wconf 76' lang='lat' dir='ltr'>¹Cion</span> <span class='ocrx_word' id='word_1_196' title='bbox 952 3427 1112 3537; x_wconf 86' lang='lat' dir='ltr'>cujusvis</span> <span class='ocrx_word' id='word_1_197' title='bbox 1151 3433 1346 3531; x_wconf 78' lang='lat' dir='ltr'>&#39;Cumetae¹</span> <span class='ocrx_word' id='word_1_198' title='bbox 1369 3433 1444 3516; x_wconf 88' lang='lat' dir='ltr'>iter</span> <span class='ocrx_word' id='word_1_199' title='bbox 1484 3431 1583 3516; x_wconf 88' lang='lat' dir='ltr'>circa</span> <span class='ocrx_word' id='word_1_200' title='bbox 1610 3430 1744 3514; x_wconf 81' lang='lat' dir='ltr'>Solem</span> <span class='ocrx_word' id='word_1_201' title='bbox 1758 3429 1817 3536; x_wconf 80' lang='lat' dir='ltr'>¹lit</span> <span class='ocrx_word' id='word_1_202' title='bbox 1839 3427 1983 3540; x_wconf 86' lang='lat' dir='ltr'>Elliplis</span> <span class='ocrx_word' id='word_1_203' title='bbox 2011 3421 2083 3512; x_wconf 75' lang='lat' dir='ltr'>a&#39;d-</span> 
     </span>
    </p>
   </div>
   <div class='ocr_carea' id='block_1_13' title="bbox 619 3534 2087 3638">
    <p class='ocr_par' dir='ltr' id='par_1_13' title="bbox 619 3534 2087 3638">
     <span class='ocr_line' id='line_1_26' title="bbox 619 3534 2087 3638; baseline -0.002 -13"><span class='ocrx_word' id='word_1_204' title='bbox 619 3555 624 3566; x_wconf 77' lang='lat'><strong>·</strong></span> <span class='ocrx_word' id='word_1_205' title='bbox 697 3611 700 3623; x_wconf 86' lang='lat'>.</span> <span class='ocrx_word' id='word_1_206' title='bbox 752 3542 912 3625; x_wconf 89' lang='lat' dir='ltr'>modum</span> <span class='ocrx_word' id='word_1_207' title='bbox 939 3542 1192 3638; x_wconf 80' lang='lat' dir='ltr'>excentrica,</span> <span class='ocrx_word' id='word_1_208' title='bbox 1233 3569 1312 3624; x_wconf 92' lang='lat' dir='ltr'>non</span> <span class='ocrx_word' id='word_1_209' title='bbox 1340 3542 1394 3624; x_wconf 86' lang='lat' dir='ltr'>est</span> <span class='ocrx_word' id='word_1_210' title='bbox 1417 3539 1618 3625; x_wconf 82' lang='lat' dir='ltr'>verillmile</span> <span class='ocrx_word' id='word_1_211' title='bbox 1640 3539 1795 3625; x_wconf 85' lang='lat' dir='ltr'>illorum</span> <span class='ocrx_word' id='word_1_212' title='bbox 1823 3537 1986 3625; x_wconf 78' lang='lat' dir='ltr'>fimriem</span> <span class='ocrx_word' id='word_1_213' title='bbox 2013 3534 2087 3622; x_wconf 79' lang='lat' dir='ltr'>elle</span> 
     </span>
    </p>
   </div>
   <div class='ocr_carea' id='block_1_14' title="bbox 739 3640 2088 4301">
    <p class='ocr_par' dir='ltr' id='par_1_14' title="bbox 739 3640 2088 4301">
     <span class='ocr_line' id='line_1_27' title="bbox 752 3640 2088 3762; baseline -0.001 -28"><span class='ocrx_word' id='word_1_214' title='bbox 752 3656 793 3734; x_wconf 87' lang='lat' dir='ltr'>iu</span> <span class='ocrx_word' id='word_1_215' title='bbox 821 3645 1017 3734; x_wconf 86' lang='lat' dir='ltr'>Univetso</span> <span class='ocrx_word' id='word_1_216' title='bbox 1043 3645 1148 3732; x_wconf 90' lang='lat' dir='ltr'>usum</span> <span class='ocrx_word' id='word_1_217' title='bbox 1177 3675 1295 3762; x_wconf 90' lang='lat' dir='ltr'>atque</span> <span class='ocrx_word' id='word_1_218' title='bbox 1322 3640 1487 3760; x_wconf 82' lang='lat' dir='ltr'>ipsorum</span> <span class='ocrx_word' id='word_1_219' title='bbox 1516 3651 1794 3752; x_wconf 69' lang='lat' dir='ltr'>Flammarum,</span> <span class='ocrx_word' id='word_1_220' title='bbox 1843 3650 1911 3761; x_wconf 88' lang='lat' dir='ltr'>qui</span> <span class='ocrx_word' id='word_1_221' title='bbox 1939 3650 1987 3732; x_wconf 92' lang='lat' dir='ltr'>in</span> <span class='ocrx_word' id='word_1_222' title='bbox 2016 3654 2088 3732; x_wconf 91' lang='lat' dir='ltr'>Or-</span> 
     </span>
     <span class='ocr_line' id='line_1_28' title="bbox 750 3755 2085 3874; baseline -0.003 -29"><span class='ocrx_word' id='word_1_223' title='bbox 750 3761 864 3846; x_wconf 88' lang='lat' dir='ltr'>bibus</span> <span class='ocrx_word' id='word_1_224' title='bbox 891 3759 972 3841; x_wconf 85' lang='lat' dir='ltr'>Soli</span> <span class='ocrx_word' id='word_1_225' title='bbox 999 3761 1174 3870; x_wconf 85' lang='lat' dir='ltr'>proxime</span> <span class='ocrx_word' id='word_1_226' title='bbox 1201 3761 1451 3845; x_wconf 86' lang='lat' dir='ltr'>concentiicis</span> <span class='ocrx_word' id='word_1_227' title='bbox 1477 3757 1652 3844; x_wconf 84' lang='lat' dir='ltr'>fertmtur</span> <span class='ocrx_word' id='word_1_228' title='bbox 1663 3819 1681 3861; x_wconf 84' lang='grc'>,</span> <span class='ocrx_word' id='word_1_229' title='bbox 1717 3760 1857 3874; x_wconf 87' lang='lat' dir='ltr'>quique</span> <span class='ocrx_word' id='word_1_230' title='bbox 1884 3755 2013 3842; x_wconf 88' lang='lat' dir='ltr'>rebus</span> <span class='ocrx_word' id='word_1_231' title='bbox 2047 3759 2085 3841; x_wconf 91' lang='lat' dir='ltr'>in</span> 
     </span>
     <span class='ocr_line' id='line_1_29' title="bbox 742 3864 2087 3982; baseline 0.004 -37"><span class='ocrx_word' id='word_1_232' title='bbox 742 3868 892 3956; x_wconf 79' lang='lat' dir='ltr'>‚eodem</span> <span class='ocrx_word' id='word_1_233' title='bbox 927 3864 1007 3952; x_wconf 83' lang='lat' dir='ltr'>fere</span> <span class='ocrx_word' id='word_1_234' title='bbox 1044 3870 1140 3954; x_wconf 90' lang='lat' dir='ltr'>statu</span> <span class='ocrx_word' id='word_1_235' title='bbox 1174 3864 1354 3954; x_wconf 84' lang='lat' dir='ltr'>mansuris</span> <span class='ocrx_word' id='word_1_236' title='bbox 1380 3867 1705 3982; x_wconf 84' lang='lat' dir='ltr'>producendis&amp;</span> <span class='ocrx_word' id='word_1_237' title='bbox 1733 3867 1873 3970; x_wconf 85' lang='lat' dir='ltr'>alendis</span> <span class='ocrx_word' id='word_1_238' title='bbox 1904 3865 2087 3952; x_wconf 82' lang='lat' dir='ltr'>destinati</span> 
     </span>
     <span class='ocr_line' id='line_1_30' title="bbox 749 3973 2084 4093; baseline -0.001 -32"><span class='ocrx_word' id='word_1_239' title='bbox 749 3979 967 4076; x_wconf 77' lang='lat' dir='ltr'>videntur,</span> <span class='ocrx_word' id='word_1_240' title='bbox 1008 3981 1068 4062; x_wconf 91' lang='lat' dir='ltr'>cui</span> <span class='ocrx_word' id='word_1_241' title='bbox 1098 3974 1177 4062; x_wconf 88' lang='lat' dir='ltr'>usui</span> <span class='ocrx_word' id='word_1_242' title='bbox 1206 3980 1384 4065; x_wconf 84' lang='lat' dir='ltr'>Cometae</span> <span class='ocrx_word' id='word_1_243' title='bbox 1411 3981 1638 4093; x_wconf 89' lang='lat' dir='ltr'>neutiquam</span> <span class='ocrx_word' id='word_1_244' title='bbox 1654 3975 1970 4082; x_wconf 77' lang='lat' dir='ltr'>‘accommodati&#39;</span> <span class='ocrx_word' id='word_1_245' title='bbox 1984 3973 2084 4074; x_wconf 80' lang='lat' dir='ltr'>smrt,</span> 
     </span>
     <span class='ocr_line' id='line_1_31' title="bbox 740 4085 2085 4213; baseline 0.001 -43"><span class='ocrx_word' id='word_1_246' title='bbox 740 4108 910 4197; x_wconf 81' lang='lat' dir='ltr'>&#39;propter</span> <span class='ocrx_word' id='word_1_247' title='bbox 950 4085 1213 4200; x_wconf 81' lang='lat' dir='ltr'>diverliffunos</span> <span class='ocrx_word' id='word_1_248' title='bbox 1240 4087 1375 4174; x_wconf 86' lang='lat' dir='ltr'>caloris</span> <span class='ocrx_word' id='word_1_249' title='bbox 1404 4088 1525 4203; x_wconf 74' lang='lat' dir='ltr'>gradu</span> <span class='ocrx_word' id='word_1_250' title='bbox 1551 4099 1663 4202; x_wconf 87' lang='lat' dir='ltr'>quos·</span> <span class='ocrx_word' id='word_1_251' title='bbox 1680 4085 1855 4213; x_wconf 63' lang='lat' dir='ltr'>lhbgunt.</span> <span class='ocrx_word' id='word_1_252' title='bbox 1940 4089 1983 4173; x_wconf 85' lang='lat' dir='ltr'>Si</span> <span class='ocrx_word' id='word_1_253' title='bbox 2013 4087 2085 4196; x_wconf 81' lang='lat' dir='ltr'>igl-</span> 
     </span>
     <span class='ocr_line' id='line_1_32' title="bbox 739 4195 2085 4301; baseline 0.002 -26"><span class='ocrx_word' id='word_1_254' title='bbox 739 4201 815 4276; x_wconf 84' lang='lat' dir='ltr'>&#39;tur</span> <span class='ocrx_word' id='word_1_255' title='bbox 840 4196 1064 4301; x_wconf 76' lang='lat' dir='ltr'>conjeumae</span> <span class='ocrx_word' id='word_1_256' title='bbox 1091 4195 1199 4284; x_wconf 87' lang='lat' dir='ltr'>loeus</span> <span class='ocrx_word' id='word_1_257' title='bbox 1228 4195 1307 4299; x_wconf 82' lang='lat' dir='ltr'>fit,</span> <span class='ocrx_word' id='word_1_258' title='bbox 1348 4199 1576 4284; x_wconf 87' lang='lat' dir='ltr'>arbitramur</span> <span class='ocrx_word' id='word_1_259' title='bbox 1616 4201 1805 4284; x_wconf 80' lang='lat' dir='ltr'>Cornetus</span> <span class='ocrx_word' id='word_1_260' title='bbox 1834 4195 2085 4282; x_wconf 84' lang='lat' dir='ltr'>restaurando</span> 
     </span>
    </p>
   </div>
   <div class='ocr_carea' id='block_1_15' title="bbox 618 4303 2084 4416">
    <p class='ocr_par' dir='ltr' id='par_1_15' title="bbox 618 4303 2084 4416">
     <span class='ocr_line' id='line_1_33' title="bbox 618 4303 2084 4416; baseline 0.001 -32"><span class='ocrx_word' id='word_1_261' title='bbox 618 4379 622 4384; x_wconf 81' lang='grc'><strong>.</strong></span> <span class='ocrx_word' id='word_1_262' title='bbox 738 4303 929 4416; x_wconf 48' lang='lat' dir='ltr'>solid&amp;</span> <span class='ocrx_word' id='word_1_263' title='bbox 958 4305 1201 4389; x_wconf 88' lang='lat' dir='ltr'>Planetarum</span> <span class='ocrx_word' id='word_1_264' title='bbox 1227 4309 1346 4395; x_wconf 87' lang='lat' dir='ltr'>fluido</span> <span class='ocrx_word' id='word_1_265' title='bbox 1373 4305 1592 4394; x_wconf 80' lang='lat' dir='ltr'>inservires</span> <span class='ocrx_word' id='word_1_266' title='bbox 1649 4310 1756 4393; x_wconf 88' lang='lat' dir='ltr'>Cum</span> <span class='ocrx_word' id='word_1_267' title='bbox 1784 4309 1889 4392; x_wconf 88' lang='lat' dir='ltr'>enim</span> <span class='ocrx_word' id='word_1_268' title='bbox 1912 4307 1981 4392; x_wconf 87' lang='lat' dir='ltr'>Sol</span> <span class='ocrx_word' id='word_1_269' title='bbox 2006 4307 2084 4386; x_wconf 88' lang='lat' dir='ltr'>im-</span> 
     </span>
    </p>
   </div>
   <div class='ocr_carea' id='block_1_16' title="bbox 747 4405 2084 4632">
    <p class='ocr_par' dir='ltr' id='par_1_16' title="bbox 747 4405 2084 4632">
     <span class='ocr_line' id='line_1_34' title="bbox 747 4405 2084 4632; baseline -0.001 -124"><span class='ocrx_word' id='word_1_270' title='bbox 747 4406 916 4556; x_wconf 68' lang='lat' dir='ltr'>mensam</span> <span class='ocrx_word' id='word_1_271' title='bbox 947 4411 1054 4559; x_wconf 78' lang='lat' dir='ltr'>fluidi</span> <span class='ocrx_word' id='word_1_272' title='bbox 1091 4409 1243 4506; x_wconf 74' lang='lat' dir='ltr'>musam</span> <span class='ocrx_word' id='word_1_273' title='bbox 1278 4415 1346 4512; x_wconf 85' lang='lat' dir='ltr'>sub</span> <span class='ocrx_word' id='word_1_274' title='bbox 1379 4419 1473 4509; x_wconf 85' lang='lat' dir='ltr'>lucis</span> <span class='ocrx_word' id='word_1_275' title='bbox 1501 4413 1628 4508; x_wconf 87' lang='lat' dir='ltr'>forma</span> <span class='ocrx_word' id='word_1_276' title='bbox 1653 4441 1861 4510; x_wconf 84' lang='lat' dir='ltr'>exemtem</span> <span class='ocrx_word' id='word_1_277' title='bbox 1889 4405 2084 4632; x_wconf 53' lang='lat' dir='ltr'>eoffio</span> 
     </span>
    </p>
   </div>
   <div class='ocr_carea' id='block_1_17' title="bbox 0 0 2172 5686">
    <p class='ocr_par' dir='ltr' id='par_1_17' title="bbox 0 0 2172 5686">
     <span class='ocr_line' id='line_1_35' title="bbox 0 0 2172 5686; baseline 0 0"><span class='ocrx_word' id='word_1_278' title='bbox 0 0 2172 5686; x_wconf 95' lang='lat' dir='ltr'> </span> 
     </span>
    </p>
   </div>
  </div>
 </body>
</html>
