4336 5692
241 669 287 750 o
327 669 727 747 enumerarem
764 669 1101 750 naumurum.
1160 670 1321 786 rma.
1383 682 1455 770 637

139 801 224 886 erit.
274 803 428 897 Portu,
464 800 504 883 in
531 805 648 914 Prop.
676 827 786 915 praec.
824 803 987 916 angulus
1017 803 1049 886 ¹n
1069 829 1090 887 ε
1112 831 1140 887 n
1167 807 1285 890 etiam
1312 805 1632 904 iuven-,Taissffli

146 939 207 1000 tua
229 917 316 1006 esta
366 913 530 999 inventa
557 916 673 1026 igitur
700 916 755 1000 est
781 937 805 996 r
827 939 848 997 ε
873 914 909 1017 ’,
944 917 1121 1001 dillantia
1152 920 1189 1000 in
1221 923 1329 1030 tedia
1354 917 1454 1030 post·
1490 894 1540 964 η’
1559 900 1586 954 ⁵⁰

143 1027 253 1114 tione
285 1029 378 1112 data
405 1029 554 1141 vestigii
574 1026 818 1134 Trajeeloriae
841 1029 1097 1114 Comericaed
1126 1035 1276 1132 Terra,
1302 1032 1340 1112 in
1369 1057 1461 1139 par·.

142 1141 246 1228 tibus
273 1141 560 1228 semidiametri
587 1145 707 1228 Orbis
730 1145 859 1254 magni
889 1143 1094 1256 cremella,
1134 1143 1322 1258 hujusque
1347 1143 1456 1229 incli-

143 1256 253 1340 natio
276 1254 328 1339 ad
355 1254 500 1339 dinam
535 1261 692 1340 teclam.
748 1255 933 1343 Similiter
959 1283 1021 1339 nr
1057 1261 1124 1342 vel
1166 1285 1233 1343 co
1276 1258 1343 1342 vel
1377 1283 1454 1340 nn

72 1457 77 1462 .
139 1395 228 1454 curn
255 1367 560 1456 semidiametro
588 1370 706 1455 Orbis
739 1373 871 1480 magni
894 1368 1148 1474 conferent,
1175 1373 1387 1488 argulique
1405 1371 1456 1457 ad

91 1507 95 1522 ·
137 1509 187 1584 a,
216 1486 348 1565 oden
375 1484 636 1568 invenientur.
1188 1535 1190 1540 ,

194 1595 265 1681 nd
293 1591 414 1709 ipsam
436 1597 707 1700 Trajenoriam
732 1597 1067 1686 determinandam
1094 1627 1143 1682 ex
1173 1622 1195 1682 e
1222 1598 1272 1682 ad
1296 1595 1455 1709 planum

135 1709 333 1820 Ecliptica
369 1709 525 1822 (quod
563 1709 669 1796 idem
697 1715 754 1798 est
785 1741 874 1798 curn
913 1712 1034 1823 plano
1070 1713 1180 1816 hujus
1222 1708 1455 1819 schematis)

138 1828 264 1912 ereda
288 1822 526 1935 intelligatur
557 1851 626 1907 ru
654 1851 820 1939 tangens
851 1828 983 1937 anguli
1007 1826 1239 1910 latitudinis
1270 1825 1457 1908 Cometae

135 1938 179 2024 in
206 1932 494 2022 Observatione
567 1939 671 2040 ima,
707 1939 914 2054 posrtoar
942 1939 1085 2030 radios
1107 1941 1280 2052 'eritque
1319 1961 1351 2018 u
1380 1937 1457 2018 Lo·

134 2055 207 2137 nra
238 2051 419 2135 Cometae
451 2050 493 2132 in
533 2053 642 2162 patio
674 2051 881 2138 Mundano
923 2052 974 2136 ad
1009 2048 1340 2137 Observationem
1380 2048 1458 2161 pri-

132 2189 275 2262 maru,
314 2165 503 2276 quoniam
528 2165 670 2276 positio
697 2172 806 2251 reda
836 2189 895 2248 ae
926 2169 980 2250 est
1002 2169 1084 2271 ejus
1111 2162 1375 2280 Longitudo,
1416 2167 1458 2245 de
1584 2255 1588 2262 ¹

129 2277 305 2390 angulus
338 2301 452 2361 aran
484 2274 655 2382 ejusdem
687 2279 885 2364 latitudo.
910 2280 1114 2364 ¹Similiter
1147 2277 1258 2364 adu
1290 2277 1458 2386 erigatur

130 2391 187 2476 ad
226 2388 333 2474 idem
373 2390 568 2504 Eclipricae
615 2393 774 2504 planum
806 2397 991 2478 normalis
1035 2396 1139 2498 reda
1180 2416 1248 2476 nt
1297 2391 1459 2500 aqualis

129 2505 318 2617 tangenti
364 2505 593 2589 Latitudinis
633 2533 777 2620 quarto
819 2502 1032 2592 observata
1073 2506 1124 2590 ad
1165 2505 1319 2590 radium
1353 2527 1381 2585 o
1396 2527 1458 2594 rra

108 2621 294 2729 ,eritque
334 2641 360 2698 r.
390 2621 520 2704 Locus
559 2618 740 2705 Cometae
773 2619 812 2703 in
846 2614 972 2729 spatio
1003 2619 1206 2704 Mundano
1239 2615 1292 2702 ad
1322 2615 1460 2700 datum

128 2736 314 2844 Tempus
339 2729 439 2816 illud
467 2758 649 2842 quartum
675 2765 685 2813 t
713 2737 754 2816 δι
787 2732 880 2838 ideo
899 2735 1027 2834 junna
1056 2737 1159 2820 redla
1186 2745 1256 2815 uu
1291 2729 1347 2816 est
1380 2724 1460 2864 ipsa

128 2845 325 2932 Cometa
349 2845 585 2950 Trajetfilor'ia
616 2846 812 2930 redilinea
837 2845 1029 2957 quaefita,
1073 2847 1114 2930 in
1144 2855 1263 2960 quarn
1300 2840 1459 2926 demrssa

129 2957 329 3066 normalis
352 2958 403 3042 ab
430 2957 652 3045 sostendet
678 2960 859 3048 Cometae
885 2957 1130 3046 Perihelium.
1163 2961 1277 3044 Patet
1302 2957 1461 3042 Distan-

128 3074 234 3160 tiam
261 3069 392 3185 pondi
422 3097 454 3155 ru
482 3073 609 3173 abr,
653 3070 730 3157 srve
755 3076 1022 3174 redamari,
1053 3067 1129 3161 else
1152 3069 1204 3158 ad
1228 3095 1290 3154 an
1312 3074 1456 3156 tedam

128 3211 178 3274 ut
205 3181 346 3270 secans
376 3184 607 3270 Latitudinis
638 3188 676 3269 in
707 3183 991 3272 Observatione
1022 3185 1144 3300 prima
1186 3183 1240 3271 ad
1272 3182 1461 3285 radium,

126 3305 174 3386 dt
209 3323 241 3384 n
255 3323 285 3382 1.
316 3293 396 3382 elle
428 3297 480 3381 ad
507 3328 537 3382 o
554 3327 581 3382 rr
616 3323 659 3383 ut
679 3293 813 3385 secans
838 3300 1071 3385 Latitudinis
1101 3321 1245 3410 quarto
1277 3294 1462 3382 observa-

124 3437 181 3503 eae
210 3411 271 3499 ad
297 3411 473 3496 radium:
493 3408 578 3527 lpsa
595 3439 693 3497 vero
720 3437 790 3497 nu
824 3412 1023 3500 invenitur
1039 3413 1080 3496 in
1111 3409 1307 3523 triangulo
1336 3435 1462 3512 narr,

121 3555 204 3643 per
233 3551 264 3610 r.
296 3523 419 3610 duna
440 3550 502 3609 ta
534 3525 603 3637 ipsr
630 3549 700 3610 rra
725 3523 907 3637 paralleli
928 3552 1020 3610 cum
1047 3549 1114 3609 rra
1134 3545 1394 3610 concurrente
1419 3523 1461 3608 in

123 3667 149 3730 a
169 3675 181 3725 ε
205 3643 325 3726 Nam
346 3663 483 3752 prater
508 3644 655 3723 reolum
684 3639 774 3724 adr
807 3638 951 3724 dantur
981 3640 1105 3726 latera
1130 3661 1218 3738 tr,
1243 3657 1347 3738 am·
1363 3636 1461 3723 illud

119 3753 296 3870 aequale
332 3753 437 3870 prius
476 3777 581 3840 notae
612 3776 706 3852 ua,
744 3751 824 3838 hoc
850 3753 998 3866 aquale
1036 3749 1262 3839 differentia
1291 3749 1464 3864 cognita·

122 3899 223 3957 turn
255 3891 357 3966 rae,
381 3890 475 3958 1115
509 3891 631 3982 quare
663 3893 745 3950 non
780 3865 920 3952 latebit
953 3893 1051 3966 nu,
1096 3869 1200 3953 tedia
1236 3861 1260 3948 d
1290 3867 1464 3956 Cometa

96 3979 393 4098 'aequabiliter
413 3975 588 4094 percursa
616 3979 814 4094 Tempore
844 4005 946 4068 noto
965 3981 1113 4084 ,dum
1147 3975 1202 4066 sc.¹
1245 3978 1381 4068 Tellus
1411 3979 1465 4066 ab

122 4127 152 4186 a
186 4093 249 4182 ad
287 4123 318 4179 n
352 4120 595 4180 moveretur.

197 4213 365 4306 Porro,
381 4199 448 4293 'ad
468 4207 746 4296 inveniendum
772 4205 967 4308 Nodum,
999 4213 1173 4323 Tempus
1197 4205 1360 4322 quando
1380 4203 1466 4292 Co·

121 4347 247 4412 meta
285 4319 457 4406 Nodum
483 4321 634 4407 tenebit
651 4381 677 4420 ,a
710 4322 794 4408 Vite
827 4321 1047 4410 Comericae
1085 4322 1387 4409 Inclinationem
1414 4317 1467 4404 ad

120 4437 408 4552 Eclipticam,
437 4431 709 4542 &hujusmodi
733 4437 831 4534 alia,
858 4435 1096 4550 producatur
1124 4430 1196 4522 rur.¹
1226 4436 1359 4522 donec
1378 4461 1468 4519 curn

122 4579 198 4642 nu
220 4551 478 4647 enncutrat,
510 4573 603 4662 puta
624 4550 737 4641 inm
761 4552 838 4634 erit.
866 4573 935 4636 ΝΗ
962 4551 1014 4634 ad
1039 4575 1166 4636 rtrut
1196 4549 1336 4656 rruad
1374 4571 1468 4646 ru,
1617 4613 1620 4620 .

115 4669 342 4778 ,adeoque
367 4663 542 4776 cognitas
572 4663 666 4745 item
701 4688 766 4748 Lu
794 4661 847 4754 ad
879 4687 944 4752 un
977 4681 1023 4746 ut
1055 4687 1121 4750 Lar
1151 4660 1203 4752 ad
1235 4673 1328 4765 ue,
1359 4657 1469 4745 ideo-

60 4845 68 4856 .
172 4883 178 4892 ,
258 4771 430 4892 Gregori
451 4775 552 4884 Astra
578 4771 679 4860 Tora.
700 4778 756 4897 ΙΙΙ.
978 4773 1054 4866 Dd
1247 4809 1252 4819 ·
1389 4795 1469 4884 que
