4420 5692
720 575 794 667 49⁶
939 500 1474 638 narnononra
1521 563 1861 642 rnrsrcae
1960 615 1964 622 .

733 707 856 802 Sole,
884 710 902 808 )
934 705 999 787 vel
1032 698 1184 787 fortasse
1211 703 1336 816 aptius
1365 728 1434 811 per
1466 700 1671 812 particulas
1696 702 1745 786 ab
1777 703 2039 794 Inclinatione

734 821 901 905 maxima
933 815 1224 904 subducendas:
1258 817 1338 899 lraec
1379 819 1481 901 enim
1517 817 1665 900 Orbitae
1708 819 1849 901 Lunari
1885 837 2035 904 natura-

671 1007 678 1014 .
736 935 1001 1033 lisvidetur,
1039 936 1184 1048 quippe
1219 960 1304 1042 quae
1335 933 1392 1014 illi
1418 955 1658 1042 competeret
1685 932 1711 1016 st
1747 933 1817 1015 Sol
1848 961 1929 1018 non
1953 962 2036 1045 per-

737 1047 910 1134 turbaret
941 1052 1020 1153 ejus
1051 1075 1215 1148 motum.
1276 1045 1353 1128 Sed
1388 1051 1426 1128 δι
1460 1047 1667 1129 Inclinatio
1707 1047 1785 1128 haec
1808 1047 2036 1132 'Corredlio

737 1190 787 1246 ne
815 1159 959 1246 Anna-i
986 1161 1174 1272 aequanda
1206 1162 1260 1244 cst
1276 1219 1289 1259 ‚
1320 1189 1404 1272 quat
1437 1160 1603 1272 proinde
1634 1155 1657 1244 a
1685 1161 1874 1244 Distantia
1912 1169 2036 1245 Terrae

736 1275 760 1359 a
793 1277 886 1360 Sole
923 1272 987 1360 seu
1021 1282 1147 1359 Terrae
1190 1277 1399 1359 Anomalia
1422 1275 1615 1387 pendet,
1647 1301 1810 1382 quaque
1843 1275 1882 1356 in
1923 1301 2036 1360 unam

736 1417 827 1472 cum
854 1391 1069 1474 Nodorum
1105 1390 1344 1501 AEquatione
1375 1389 1520 1472 Annua
1534 1385 1722 1507 coalescet
1736 1387 2038 1474 Tabulam.·Ha·

729 1500 821 1588 'rum
859 1508 973 1588 trium
1005 1505 1291 1617 liquationum
1357 1503 1563 1588 uantitates
1607 1502 1777 1584 maximae
1814 1506 1854 1584 ὅτ
1895 1505 2037 1616 cuique

721 1613 931 1729 ‘Aspedlui
953 1618 1029 1703 srve
1067 1619 1261 1704 Distantiae
1294 1535 1502 1731 reipedlive
1534 1643 1712 1728 congrua
1753 1615 1956 1701 eliciuntur
1988 1647 2037 1706 ex

738 1735 1328 1846 Propp.xv5xv111‚rr1x,
1361 1739 1483 1814 xx&
1512 1761 1622 1814 xxv·
1825 1739 1828 1748 '

729 1899 735 1909 ·
796 1850 995 1944 Decimo,
1035 1847 1198 1932 Tabella
1239 1850 1293 1932 est
1335 1845 1557 1932 adhibenda
1636 1873 1691 1928 uae
1743 1844 2039 1958 precedentium

737 1963 912 2058 omniurn
938 1963 1219 2046 Menstruarum
1244 1961 1572 2057 correctionum,
1606 1877 1689 2044 live
1711 1960 2038 2045 incrementorum

718 2083 778 2182 ¹&
806 2076 1165 2173 decrementorum,
1203 2081 1241 2158 in
1268 2078 1441 2188 Syzygiis
1467 2073 1655 2158 fanorum
1685 2073 1980 2186 proportionem
1998 2076 2039 2158 in

733 2192 1030 2294 Conjundlione
1065 2197 1106 2273 &-
1144 2190 1404 2302 Opposrtione
1441 2218 1528 2273 cum
1561 2191 1653 2272 Sole
1684 2187 1870 2270 ostendat.
1933 2192 2038 2271 Nam

736 2305 849 2415 (per
884 2311 999 2418 Prop.
1033 2329 1140 2389 xva·
1175 2307 1194 2414 )
1225 2303 1381 2390 effecius
1404 2332 1542 2387 ornnes
1572 2304 1612 2385 in
1637 2301 1896 2386 Luminarium
1921 2305 2038 2415 Syzy.

736 2420 808 2530 giis
838 2421 1112 2531 contingentes
1147 2421 1311 2524 majores
1344 2412 1429 2503 sunt
1460 2419 1501 2500 in
1530 2416 1842 2522 Conjundlione‚
1871 2418 2039 2502 minores

736 2533 777 2615 in
812 2533 1083 2647 Oppolrtione.
1144 2533 1354 2644 Proportio
1392 2561 1440 2618 ex
1471 2529 1624 2618 Virium
1656 2528 1949 2640 generatricium
1983 2559 2039 2618 ra-

736 2647 847 2733 tione
877 2679 925 2733 ex
957 2647 1261 2760 praecedentibus
1292 2647 1459 2732 elicitur·
1560 2753 1563 2758 1
1756 2751 1758 2756 Ι

795 2759 1055 2860 Undecimo,
1100 2763 1318 2875 adjungitur
1357 2760 1509 2846 Tabula
1544 2753 1773 2846 Latitudinis
1820 2758 1938 2847 Lunae
1963 2788 2037 2875 ¹pro

739 2875 892 2988 singulis
912 2875 1093 2988 gradibus
1126 2877 1321 2959 Distantiae
1338 2869 1505 2980 eiusdem
1535 2871 1718 2960 amodo.
1776 2877 1899 2980 Hujus
1933 2873 2039 2959 cons-

739 2991 879 3074 tructio
922 2985 1118 3075 Domina
1153 2989 1348 3103 Sphaericae
1371 2984 1456 3072 'soli
1484 2988 1690 3079 innititur.
1762 2991 1807 3072 ln
1847 2989 2037 3101 triangulo

739 3105 842 3187 eninr
872 3099 1051 3214 sphaerico
1076 3105 1298 3216 reilangulo
1328 3128 1464 3216 prater
1491 3105 1632 3188 rectum
1664 3101 1776 3188 datur
1796 3105 2039 3215 hypothenu-

737 3214 804 3316 sa,
839 3229 984 3329 'nempe
1015 3223 1133 3304 Lunae
1164 3217 1355 3320 Distantia
1383 3217 1405 3301 i
1430 3215 1587 3313 Nod0‚
1617 3221 1657 3300 δι
1690 3219 1851 3330 angulus
1882 3218 1932 3301 ad
1954 3221 2038 3303 No·

736 3333 855 3431 dum,
888 3361 1027 3446 nempe
1062 3333 1269 3416 inclinatio
1311 3331 1415 3443 plani
1458 3329 1576 3413 Orbis
1617 3335 1734 3416 Lunae
1766 3329 1816 3415 ad
1847 3335 2037 3445 Ecliptica

737 3449 918 3560 planum,
956 3449 1082 3559 (quae
1108 3451 1149 3528 da
1188 3445 1386 3525 Inclinatio
1427 3439 1618 3524 Limitum
1653 3469 1844 3536 vocatura
1875 3447 1893 3555 )
1929 3448 2037 3530 inve.

740 3562 867 3644 nietur
896 3585 991 3671 ergo
1024 3564 1123 3645 latus
1148 3560 1236 3644 huic
1261 3555 1404 3672 angulo
1435 3557 1679 3669 opposrtum,
1716 3587 1854 3674 nempe
1887 3561 2037 3674 quaesrta

732 3673 923 3759 ‹Latitudo
952 3678 1066 3757 Lunae
1087 3701 1159 3788 pro
1178 3671 1391 3786 praedidaa
1424 3671 1552 3756 Nodo
1576 3673 1778 3757 Distantia.
1839 3675 2037 3786 Quoniam
2173 3775 2176 3788 Ι

735 3817 835 3900 vero
874 3779 1081 3873 Inclinatio
1118 3789 1222 3901 plani
1264 3788 1381 3871 Orbis
1428 3789 1545 3870 Lunae
1574 3784 1625 3871 ad
1659 3789 1850 3900 Eclipticae
1879 3791 2036 3902 planum

734 3901 892 3986 (liveriis
933 3904 1173 4014 temporibus
1214 3905 1320 3984 varia
1354 3901 1434 3993 est,
1475 3899 1568 3982 ideo
1600 3902 1856 3986 communiter
1885 3902 2034 3984 Tabula

736 4018 850 4098 unica
880 4015 1111 4097 Latitudinis
1144 4019 1261 4097 Lunae
1300 4013 1351 4094 ad
1383 4011 1578 4096 minimam
1611 4015 1800 4099 diuorum
1832 4016 2035 4126 planorum

734 4127 1031 4210 Inclinationem
1066 4128 1325 4222 construitur,
1366 4123 1550 4228 adjundtis
1585 4131 1778 4242 particulis
1810 4129 1860 4212 ad
1892 4129 2036 4212 Latitu-

734 4241 864 4322 dinem
901 4239 1124 4344 adjiciendis
1162 4267 1250 4322 cum
1284 4239 1383 4322 diua
1416 4241 1622 4324 inclinatio
1666 4245 1720 4324 est
1753 4244 1930 4324 maxima.
1990 4246 2035 4325 In

733 4351 1251 4449 inclinationibus'mediis‚
1294 4353 1476 4458 adjuncta
1504 4355 1699 4467 ,particula
1764 4381 1822 4440 ars
1853 4355 2033 4457 adjicien-

731 4467 783 4550 da
819 4470 910 4563 est,'
971 4495 1025 4549 uae
1056 4467 1108 4550 ad
1134 4492 1258 4550 totam
1288 4463 1325 4553 le
1359 4468 1499 4550 habeat
1534 4493 1578 4552 ut
1608 4385 1775 4553 excellis
1811 4471 2035 4553 Inclinatio·

729 4583 794 4684 nis
816 4579 914 4672 datae
941 4498 1053 4695 lupia
1074 4583 1270 4672 minimam
1304 4582 1356 4672 ad
1393 4577 1594 4678 excelsum„
1613 4585 1785 4680 maxine
1812 4580 1921 4715 supra
1954 4587 2023 4664 mi·

814 4749 817 4754 ·
1282 4716 1286 4732 ⁴
1860 4723 2033 4789 nimam-3
