4420 5692
293 593 337 667 o
383 577 773 662 tronatrrca
817 537 1154 662 arantum.
1195 589 1279 663 ι...
1312 587 1381 673 tv.
1459 601 1531 701 4:35

217 724 347 812 vel'in
373 715 669 808 antecedentiar
693 720 748 802 ita
771 741 815 800 ut
841 716 934 802 dum
954 747 1095 832 corpus
1120 727 1223 837 prius
1246 756 1376 816 arcum
1393 757 1525 846 quem·

218 843 315 926 libet
341 863 383 922 ut
416 861 496 918 nt.
530 835 716 944 percurrit
747 833 787 914 in
824 834 921 948 orbe
961 830 1180 944 quiescente
1219 869 1245 923 a
1267 867 1292 924 L
1313 871 1357 945 P,
1396 851 1518 958 poste·

218 957 295 1039 rius
323 952 480 1036 stmilem
517 951 557 1030 dt
579 947 772 1060 equalem
800 948 864 1026 al
890 969 1086 1061 percurrat
1110 954 1287 1040 in··orbe
1321 960 1528 1048 revolven-

219 1095 261 1153 te
290 1097 315 1148 a
331 1069 399 1175 tp.
1511 1123 1513 1130 ι

275 1185 347 1266 Per
381 1199 557 1260 centrum
587 1190 614 1256 τ
648 1174 689 1256 in
722 1175 843 1288 plano
877 1201 905 1258 a
923 1203 993 1258 rr
1029 1203 1164 1290 agatur
1193 1177 1339 1296 semper
1369 1215 1397 1272 τ
1420 1187 1530 1302 lipsi

220 1293 513 1406 tuaqualis,
566 1287 830 1400 angulumque
868 1293 975 1369 nal
1011 1295 1157 1403 angulo
1183 1326 1208 1377 a
1232 1323 1304 1380 τι
1338 1309 1529 1414 perpetu'o
1656 1340 1662 1348 ·

219 1405 558 1520 proportionalem
587 1399 791 1489 efficiensr
824 1401 918 1484 hoc·
936 1404 1013 1499 est,
1047 1429 1091 1488 ut
1126 1407 1190 1488 hic
1235 1415 1396 1522 angulus
1428 1418 1535 1497 nrt

220 1521 264 1604 stt
287 1519 339 1604 ad
364 1509 736 1627 correspondentem.
759 1542 785 1595 n
804 1543 831 1598 τ
854 1541 879 1596 ι
913 1541 957 1600 ut
990 1517 1088 1602 alter
1118 1522 1247 1632 quivis
1273 1551 1301 1604 n
1322 1528 1388 1608 vl
1412 1527 1461 1610 ad
1478 1524 1536 1611 su·

219 1659 286 1718 um
315 1661 341 1714 n
359 1661 386 1714 τ
406 1655 447 1714 ι.
505 1629 705 1740 Adeoque
738 1653 848 1726 area,
882 1655 1000 1742 quam
1033 1635 1097 1713 vl
1126 1661 1238 1719 motu
1264 1640 1437 1748 angulari
1461 1642 1533 1726 tir-

221 1775 265 1831 ca
291 1777 318 1830 τ
347 1743 397 1827 stc
426 1743 505 1828 lata
529 1735 733 1839 describit,
761 1745 1066 1853 proportionalis
1090 1747 1163 1829 erit
1191 1777 1286 1833 ateae
1311 1777 1428 1862 quam
1454 1779 1531 1861 rt.

221 1854 412 1955 describit.
472 1857 531 1940 Sit
562 1855 752 1937 altori
798 1857 900 1966 (a)
939 1857 1074 1942 Curva
1109 1889 1231 1970 ,quam
1278 1871 1460 1974 pundum
1485 1871 1504 1946 l
1516 1925 1532 1966 ‚

221 1972 353 2057 modo·
374 1975 451 2075 jam
479 1968 657 2080 exposito
694 1989 846 2053 motum
861 1987 878 2066 ,·
911 1972 1129 2082 contingit:
1166 1976 1217 2056 Et
1246 1978 1435 2087 quoniam
1458 2005 1533 2064 una

221 2113 310 2172 cum
341 2109 366 2168 1.
401 2083 623 2168 revolvitur
655 2108 797 2194 corpus
839 2081 952 2194 quod
986 2109 1143 2196 urgetur
1175 2085 1198 2169 d
1227 2091 1280 2171 Vi
1319 2093 1533 2206 centripeta

220 2198 272 2284 ad
300 2223 476 2282 centrum
505 2222 532 2278 τ
568 2191 779 2292 tendente,
812 2222 901 2280 area
938 2225 965 2276 n
986 2227 1014 2280 r
1035 2231 1060 2282 ι
1080 2225 1107 2278 n
1149 2197 1268 2312 (pet
1310 2207 1426 2318 Prop.
1464 2229 1532 2290 xr.

221 2312 310 2398 Lib.
342 2311 421 2420 1.)
452 2309 505 2392 cst
540 2309 708 2420 tempori
738 2309 1076 2420 proportionalisr
1113 2340 1235 2424 quare
1265 2319 1305 2398 δι
1334 2344 1421 2402 area
1454 2345 1529 2402 Ατ

223 2428 242 2506 l
253 2453 281 2508 n
315 2423 483 2556 tempori
521 2423 639 2529 etiam
667 2421 972 2532 proportionalis
1012 2426 1117 2506 erit:
1158 2421 1224 2510 sed
1255 2431 1296 2512 dr
1328 2431 1368 2514 in
1410 2435 1533 2544 plano

223 2537 417 2624 immobilt
445 2534 640 2630 confistie,
673 2534 815 2616 eodem
842 2561 983 2647 nempe
1008 2537 1047 2617 in
1083 2566 1166 2647 quo
1205 2568 1346 2650 corpus
1378 2569 1402 2624 t·
1433 2547 1533 2627 circa

223 2679 250 2735 τ
278 2649 493 2734 revolvitur
509 2679 522 2737 ς
553 2646 632 2728 hoc
655 2647 739 2744 est,
776 2646 906 2758 puncti
942 2651 961 2726 l
988 2646 1019 2730 is
1047 2649 1100 2730 est
1131 2673 1288 2750 motus,
1322 2678 1365 2737 ut
1394 2657 1430 2738 in
1454 2657 1534 2768 pla·

224 2791 279 2850 no
313 2761 505 2847 immobili
530 2788 599 2873 per
626 2785 653 2840 τ
679 2757 857 2842 tradudo
886 2785 1076 2954 perpetuo
1102 2763 1342 2864 inveniatur,
1369 2771 1409 2850 δε
1426 2795 1534 2852 areas

226 2879 399 2975 nrln,
442 2875 551 2957 radio
593 2901 661 2984 pet
692 2902 720 2956 τ
754 2872 871 2958 dusto
900 2874 951 2958 de
966 2875 1136 2986 criptas,
1170 2873 1309 2962 efficiat
1350 2883 1534 2993 tempori·

225 2993 299 3076 bus
329 2985 656 3102 proportionales.
714 2987 836 3098 Igitur
861 3013 931 3099 per
962 2991 1079 3099 Prop.
1108 3013 1158 3070 nt
1172 3013 1199 3072 t.
1234 2991 1321 3074 Lib.
1352 3017 1386 3080 1.
1415 2996 1535 3078 mani·

225 3107 363 3192 sellum
398 3101 452 3186 est
491 3099 602 3214 quod
645 3127 812 3210 corpus,
863 3111 1031 3213 cogente
1071 3105 1171 3206 juste
1212 3107 1437 3217 quantitatis
1480 3108 1534 3190 Vi

227 3211 473 3329 centtipeti,
500 3214 654 3298 revolvi
680 3211 792 3324 possit
825 3241 1017 3298 unacum
1077 3221 1194 3300 undo
1223 3221 1241 3296 l
1270 3217 1311 3301 in
1347 3247 1466 3304 curva
1491 3220 1534 3304 li·

229 3335 305 3416 rt'ea
331 3331 540 3426 alto-u,
586 3355 704 3440 quam
733 3331 917 3440 punctum
948 3333 965 3407 l
997 3247 1190 3414 delirrue-
1246 3334 1373 3419 Datur
1403 3358 1534 3418 autent

228 3447 307 3530 hec
331 3445 433 3526 linea
463 3467 583 3523 curva
617 3443 839 3538 nltou,
868 3441 1016 3554 quippe
1046 3471 1096 3526 ex
1124 3445 1214 3526 data
1242 3447 1344 3530 linea
1377 3473 1533 3530 ntea

230 3555 354 3641 modo
396 3554 584 3639 constanti
623 3555 663 3632 δι
699 3553 793 3635 dato
837 3555 995 3664 genita:
1041 3583 1229 3669 quaeratur
1259 3560 1375 3669 igitur
1416 3561 1433 3670 (
1465 3587 1534 3672 ptr

229 3673 329 3756 Cor.
362 3673 480 3782 Prop.
519 3667 722 3750 xxxvtr.
752 3665 839 3745 Lib.
877 3671 949 3776 t.)
984 3669 1045 3750 lex
1077 3671 1148 3750 Vis
1180 3675 1419 3784 centripetae,
1456 3669 1535 3784 quai

231 3811 371 3896 corpus
399 3785 442 3864 in
471 3781 537 3862 illa
567 3777 722 3861 revolvi
754 3774 879 3886 potiit.
940 3781 1022 3861 Fiat
1053 3783 1215 3888 angulus
1258 3813 1382 3882 apa
1419 3809 1537 3895 angu-

229 3899 273 3985 lo
303 3899 429 3994 rrl,
466 3899 647 4003 rectaque
680 3915 751 3970 τι
781 3895 890 3974 rettae
921 3919 993 3974 vt
1034 3893 1219 4006 equalisr
1253 3900 1292 3975 de
1325 3897 1441 4009 igitur
1471 3923 1538 3979 an·

1426 4011 1539 4122 gulut

259 4167 329 4261 (a)
356 4167 471 4240 Curva
501 4158 558 4235 hic
589 4155 758 4257 descripta
776 4163 852 4238 talis
882 4161 949 4248 est,
987 4181 1026 4237 ut
1057 4163 1081 4236 fi
1107 4161 1238 4260 semper
1266 4171 1410 4263 angulus
1444 4195 1536 4242 nrt

235 4267 277 4340 stt
306 4265 352 4339 ad
382 4267 544 4359 angulum
571 4287 593 4330 n
610 4259 681 4338 tl,
718 4283 754 4334 ut
782 4289 812 4353 3.
840 4259 891 4353 ad
917 4288 953 4356 4.
977 4253 1171 4354 punctum!
1195 4259 1367 4338 describat
1395 4288 1534 4340 curvam

235 4366 329 4438 illam
355 4363 435 4434 nit
455 4383 478 4431 o
495 4385 531 4428 u.
584 4358 617 4428 Si
649 4357 714 4430 alia
749 4357 840 4432 tatio
877 4355 1088 4454 supponatur
1122 4383 1243 4434 eorum
1277 4362 1360 4434 dem
1392 4368 1536 4458 angulo·

235 4485 333 4544 rum,
365 4459 429 4534 alia
462 4454 686 4528 describenda
712 4455 777 4528 erit
815 4479 928 4529 curva.
987 4459 1156 4530 Ceterum
1200 4455 1359 4532 observet
1413 4463 1537 4532 Lector

236 4556 373 4654 hujusce
397 4580 502 4628 curve
544 4552 717 4646 originem
743 4551 798 4626 seu
832 4553 968 4627 initium
993 4551 1058 4626 else
1088 4554 1124 4628 in
1152 4557 1284 4652 pundo
1305 4583 1351 4634 Α,
1390 4579 1537 4634 nonve·

235 4679 277 4730 ro
298 4653 335 4730 in
362 4677 407 4725 a:
444 4649 545 4748 quod
573 4647 753 4726 nonsatis
784 4649 896 4728 nitide
929 4648 1134 4748 iscalptote
1164 4649 1355 4751 cupressum
1384 4651 1444 4731 est.

1546 823 1608 880 raa.
1622 831 1708 894 var.

1530 898 1580 978 fig.
1599 919 1630 976 3.
