<?xml version="1.0" encoding="UTF-8"?>
<!DOCTYPE html PUBLIC "-//W3C//DTD XHTML 1.0 Transitional//EN"
    "http://www.w3.org/TR/xhtml1/DTD/xhtml1-transitional.dtd">
<html xmlns="http://www.w3.org/1999/xhtml" xml:lang="en" lang="en">
 <head>
  <title>
</title>
<meta http-equiv="Content-Type" content="text/html;charset=utf-8" />
  <meta name='ocr-system' content='tesseract 3.04.00' />
  <meta name='ocr-capabilities' content='ocr_page ocr_carea ocr_par ocr_line ocrx_word'/>
</head>
<body>
  <div class='ocr_page' id='page_1' title='image "./davidisgregorii00huargoog_0344.png"; bbox 0 0 4322 5686; ppageno 0'>
   <div class='ocr_carea' id='block_1_1' title="bbox 651 297 699 316">
    <p class='ocr_par' dir='ltr' id='par_1_1' title="bbox 651 297 699 316">
     <span class='ocr_line' id='line_1_1' title="bbox 651 297 699 316; baseline 0 -2"><span class='ocrx_word' id='word_1_1' title='bbox 651 297 699 316; x_wconf 48' lang='lat' dir='ltr'><em>fl</em></span> 
     </span>
    </p>
   </div>
   <div class='ocr_carea' id='block_1_2' title="bbox 158 610 1406 718">
    <p class='ocr_par' dir='ltr' id='par_1_2' title="bbox 158 610 1406 718">
     <span class='ocr_line' id='line_1_2' title="bbox 158 610 1406 718; baseline 0.002 -20"><span class='ocrx_word' id='word_1_2' title='bbox 158 610 693 699; x_wconf 61' lang='lat' dir='ltr'><em>MEOMETRICAE</em></span> <span class='ocrx_word' id='word_1_3' title='bbox 717 616 1120 709; x_wconf 76' lang='lat' dir='ltr'>uzaMaNTA.</span> <span class='ocrx_word' id='word_1_4' title='bbox 1145 622 1298 701; x_wconf 81' lang='lat' dir='ltr'>er.VI.</span> <span class='ocrx_word' id='word_1_5' title='bbox 1334 639 1406 718; x_wconf 79' lang='lat'>705</span> 
     </span>
    </p>
   </div>
   <div class='ocr_carea' id='block_1_3' title="bbox 89 745 1415 990">
    <p class='ocr_par' dir='ltr' id='par_1_3' title="bbox 89 745 1415 990">
     <span class='ocr_line' id='line_1_3' title="bbox 90 745 1406 946; baseline -0.003 -106"><span class='ocrx_word' id='word_1_6' title='bbox 90 745 297 879; x_wconf 31' lang='lat' dir='ltr'>ideo-satis</span> <span class='ocrx_word' id='word_1_7' title='bbox 322 745 533 880; x_wconf 76' lang='lat' dir='ltr'>l&#39;ensrbiliss</span> <span class='ocrx_word' id='word_1_8' title='bbox 576 746 767 881; x_wconf 75' lang='lat' dir='ltr'>ipsiusque</span> <span class='ocrx_word' id='word_1_9' title='bbox 785 753 966 882; x_wconf 46' lang='lat' dir='ltr'>Saturni,</span> <span class='ocrx_word' id='word_1_10' title='bbox 1012 750 1179 946; x_wconf 87' lang='lat' dir='ltr'>decuplo</span> <span class='ocrx_word' id='word_1_11' title='bbox 1202 758 1321 867; x_wconf 90' lang='lat' dir='ltr'>magis</span> <span class='ocrx_word' id='word_1_12' title='bbox 1348 755 1406 836; x_wconf 86' lang='lat' dir='ltr'>di·</span> 
     </span>
     <span class='ocr_line' id='line_1_4' title="bbox 89 856 1415 990; baseline 0.002 -48"><span class='ocrx_word' id='word_1_13' title='bbox 89 861 255 959; x_wconf 87' lang='lat' dir='ltr'>stantrs,</span> <span class='ocrx_word' id='word_1_14' title='bbox 295 857 501 942; x_wconf 85' lang='lat' dir='ltr'>Parallaxrs</span> <span class='ocrx_word' id='word_1_15' title='bbox 538 859 785 946; x_wconf 74' lang='lat' dir='ltr'>horizontalrs</span> <span class='ocrx_word' id='word_1_16' title='bbox 826 856 1108 990; x_wconf 74' lang='lat' dir='ltr'>sesqui-scrupu</span> <span class='ocrx_word' id='word_1_17' title='bbox 1125 892 1189 947; x_wconf 91' lang='lat' dir='ltr'>um</span> <span class='ocrx_word' id='word_1_18' title='bbox 1230 863 1415 960; x_wconf 83' lang='lat' dir='ltr'>excedet,-</span> 
     </span>
    </p>
   </div>
   <div class='ocr_carea' id='block_1_4' title="bbox 87 965 1405 1082">
    <p class='ocr_par' dir='ltr' id='par_1_4' title="bbox 87 965 1405 1082">
     <span class='ocr_line' id='line_1_5' title="bbox 87 965 1405 1082; baseline 0.005 -32"><span class='ocrx_word' id='word_1_19' title='bbox 87 969 181 1052; x_wconf 87' lang='lat' dir='ltr'>dum</span> <span class='ocrx_word' id='word_1_20' title='bbox 215 968 376 1080; x_wconf 84' lang='lat' dir='ltr'>proximi</span> <span class='ocrx_word' id='word_1_21' title='bbox 405 971 585 1053; x_wconf 87' lang='lat' dir='ltr'>Mercurii</span> <span class='ocrx_word' id='word_1_22' title='bbox 612 971 660 1055; x_wconf 89' lang='lat' dir='ltr'>ad</span> <span class='ocrx_word' id='word_1_23' title='bbox 714 968 752 1058; x_wconf 90' lang='lat'>0&#39;</span> <span class='ocrx_word' id='word_1_24' title='bbox 778 970 858 1053; x_wconf 84' lang='lat' dir='ltr'>fere</span> <span class='ocrx_word' id='word_1_25' title='bbox 889 965 1064 1054; x_wconf 74' lang='lat' dir='ltr'>ascendit.</span> <span class='ocrx_word' id='word_1_26' title='bbox 1135 968 1250 1057; x_wconf 82' lang='lat' dir='ltr'>&#39;Cum</span> <span class='ocrx_word' id='word_1_27' title='bbox 1289 972 1405 1082; x_wconf 86' lang='lat' dir='ltr'>igitur</span> 
     </span>
    </p>
   </div>
   <div class='ocr_carea' id='block_1_5' title="bbox 82 993 1618 2497">
    <p class='ocr_par' dir='ltr' id='par_1_5' title="bbox 84 993 1618 2278">
     <span class='ocr_line' id='line_1_6' title="bbox 87 993 1484 1180; baseline -0.001 -19"><span class='ocrx_word' id='word_1_28' title='bbox 87 1078 301 1162; x_wconf 90' lang='lat' dir='ltr'>Parallaxes</span> <span class='ocrx_word' id='word_1_29' title='bbox 346 1076 422 1161; x_wconf 85' lang='lat' dir='ltr'>illae</span> <span class='ocrx_word' id='word_1_30' title='bbox 458 1075 542 1163; x_wconf 86' lang='lat' dir='ltr'>satis</span> <span class='ocrx_word' id='word_1_31' title='bbox 573 1063 642 1162; x_wconf 90' lang='lat' dir='ltr'>srnt</span> <span class='ocrx_word' id='word_1_32' title='bbox 679 993 909 1176; x_wconf 60' lang='lat' dir='ltr'>densabileso,</span> <span class='ocrx_word' id='word_1_33' title='bbox 957 1081 1198 1165; x_wconf 84' lang='lat' dir='ltr'>Planetarum</span> <span class='ocrx_word' id='word_1_34' title='bbox 1224 1081 1406 1164; x_wconf 80' lang='lat' dir='ltr'>distantiae</span> <span class='ocrx_word' id='word_1_35' title='bbox 1479 1169 1484 1180; x_wconf 52' lang='grc'>,</span> 
     </span>
     <span class='ocr_line' id='line_1_7' title="bbox 85 1184 1402 1299; baseline -0.005 -29"><span class='ocrx_word' id='word_1_36' title='bbox 85 1213 174 1270; x_wconf 90' lang='lat' dir='ltr'>cum</span> <span class='ocrx_word' id='word_1_37' title='bbox 203 1187 301 1270; x_wconf 87' lang='lat' dir='ltr'>Solis</span> <span class='ocrx_word' id='word_1_38' title='bbox 328 1184 516 1273; x_wconf 90' lang='lat' dir='ltr'>diametro</span> <span class='ocrx_word' id='word_1_39' title='bbox 547 1187 823 1288; x_wconf 88' lang='lat' dir='ltr'>conferentur,</span> <span class='ocrx_word' id='word_1_40' title='bbox 866 1187 1034 1299; x_wconf 90' lang='lat' dir='ltr'>ideoque</span> <span class='ocrx_word' id='word_1_41' title='bbox 1065 1192 1163 1271; x_wconf 87' lang='lat' dir='ltr'>inter</span> <span class='ocrx_word' id='word_1_42' title='bbox 1189 1185 1225 1272; x_wconf 88' lang='lat' dir='ltr'>se</span> <span class='ocrx_word' id='word_1_43' title='bbox 1252 1211 1402 1270; x_wconf 91' lang='lat' dir='ltr'>mutuo.</span> 
     </span>
     <span class='ocr_line' id='line_1_8' title="bbox 86 1292 1618 1382; baseline -0.002 -3"><span class='ocrx_word' id='word_1_44' title='bbox 86 1296 216 1380; x_wconf 88' lang='lat' dir='ltr'>Oculo</span> <span class='ocrx_word' id='word_1_45' title='bbox 248 1292 299 1378; x_wconf 85' lang='lat' dir='ltr'>src</span> <span class='ocrx_word' id='word_1_46' title='bbox 335 1296 526 1381; x_wconf 89' lang='lat' dir='ltr'>collocata</span> <span class='ocrx_word' id='word_1_47' title='bbox 559 1299 657 1382; x_wconf 86' lang='lat' dir='ltr'>Fixae</span> <span class='ocrx_word' id='word_1_48' title='bbox 688 1325 821 1382; x_wconf 86' lang='lat' dir='ltr'>omues</span> <span class='ocrx_word' id='word_1_49' title='bbox 855 1303 896 1380; x_wconf 79' lang='grc' dir='ltr'>δι</span> <span class='ocrx_word' id='word_1_50' title='bbox 924 1301 1089 1379; x_wconf 83' lang='lat' dir='ltr'>Planetae</span> <span class='ocrx_word' id='word_1_51' title='bbox 1114 1297 1268 1380; x_wconf 89' lang='lat' dir='ltr'>revolvi</span> <span class='ocrx_word' id='word_1_52' title='bbox 1293 1293 1404 1376; x_wconf 80' lang='lat' dir='ltr'>uide·</span> <span class='ocrx_word' id='word_1_53' title='bbox 1478 1369 1483 1377; x_wconf 88' lang='lat'><em>.</em></span> <span class='ocrx_word' id='word_1_54' title='bbox 1614 1341 1618 1348; x_wconf 93' lang='lat'>·</span> 
     </span>
     <span class='ocr_line' id='line_1_9' title="bbox 85 1402 1404 1530; baseline -0.002 -43"><span class='ocrx_word' id='word_1_55' title='bbox 85 1404 229 1488; x_wconf 88' lang='lat' dir='ltr'>buntur</span> <span class='ocrx_word' id='word_1_56' title='bbox 257 1406 306 1489; x_wconf 89' lang='lat' dir='ltr'>ab</span> <span class='ocrx_word' id='word_1_57' title='bbox 335 1430 423 1489; x_wconf 92' lang='lat' dir='ltr'>ortu</span> <span class='ocrx_word' id='word_1_58' title='bbox 451 1408 491 1488; x_wconf 89' lang='lat' dir='ltr'>in</span> <span class='ocrx_word' id='word_1_59' title='bbox 515 1403 686 1490; x_wconf 84' lang='lat' dir='ltr'>oceasum</span> <span class='ocrx_word' id='word_1_60' title='bbox 716 1403 837 1515; x_wconf 83' lang='lat' dir='ltr'>spatio</span> <span class='ocrx_word' id='word_1_61' title='bbox 864 1407 1047 1516; x_wconf 86' lang='lat' dir='ltr'>temporis</span> <span class='ocrx_word' id='word_1_62' title='bbox 1070 1405 1209 1516; x_wconf 83' lang='lat' dir='ltr'>viginti</span> <span class='ocrx_word' id='word_1_63' title='bbox 1235 1408 1276 1484; x_wconf 89' lang='lat'>&amp;</span> <span class='ocrx_word' id='word_1_64' title='bbox 1292 1402 1404 1530; x_wconf 79' lang='lat' dir='ltr'>quin-</span> 
     </span>
     <span class='ocr_line' id='line_1_10' title="bbox 85 1510 1405 1625; baseline -0.006 -28"><span class='ocrx_word' id='word_1_65' title='bbox 85 1541 164 1625; x_wconf 87' lang='lat' dir='ltr'>que</span> <span class='ocrx_word' id='word_1_66' title='bbox 201 1511 223 1594; x_wconf 78' lang='grc' dir='ltr'>ὲ</span> <span class='ocrx_word' id='word_1_67' title='bbox 257 1513 394 1597; x_wconf 85' lang='lat' dir='ltr'>nostris</span> <span class='ocrx_word' id='word_1_68' title='bbox 430 1514 564 1598; x_wconf 88' lang='lat' dir='ltr'>diebus</span> <span class='ocrx_word' id='word_1_69' title='bbox 606 1515 755 1625; x_wconf 68' lang='lat' dir='ltr'>aequali.</span> <span class='ocrx_word' id='word_1_70' title='bbox 838 1516 955 1598; x_wconf 89' lang='lat' dir='ltr'>Polus</span> <span class='ocrx_word' id='word_1_71' title='bbox 983 1514 1124 1597; x_wconf 89' lang='lat' dir='ltr'>boreus</span> <span class='ocrx_word' id='word_1_72' title='bbox 1152 1510 1405 1606; x_wconf 83' lang='lat' dir='ltr'>revolutronis</span> 
     </span>
     <span class='ocr_line' id='line_1_11' title="bbox 85 1616 1404 1732; baseline -0.005 -28"><span class='ocrx_word' id='word_1_73' title='bbox 85 1621 197 1726; x_wconf 86' lang='lat' dir='ltr'>hujus</span> <span class='ocrx_word' id='word_1_74' title='bbox 232 1626 305 1707; x_wconf 85' lang='lat' dir='ltr'>erit</span> <span class='ocrx_word' id='word_1_75' title='bbox 352 1625 391 1705; x_wconf 89' lang='lat' dir='ltr'>in</span> <span class='ocrx_word' id='word_1_76' title='bbox 434 1624 526 1706; x_wconf 89' lang='lat' dir='ltr'>loco</span> <span class='ocrx_word' id='word_1_77' title='bbox 566 1624 635 1706; x_wconf 94' lang='lat' dir='ltr'>illo</span> <span class='ocrx_word' id='word_1_78' title='bbox 661 1650 778 1728; x_wconf 86' lang='lat' dir='ltr'>quem</span> <span class='ocrx_word' id='word_1_79' title='bbox 816 1639 886 1706; x_wconf 84' lang='lat' dir='ltr'>nos</span> <span class='ocrx_word' id='word_1_80' title='bbox 916 1621 1119 1704; x_wconf 83' lang='lat' dir='ltr'>Tetricolat</span> <span class='ocrx_word' id='word_1_81' title='bbox 1146 1616 1195 1700; x_wconf 83' lang='lat' dir='ltr'>ad</span> <span class='ocrx_word' id='word_1_82' title='bbox 1217 1617 1404 1732; x_wconf 87' lang='lat' dir='ltr'>decimam</span> 
     </span>
     <span class='ocr_line' id='line_1_12' title="bbox 86 1725 1404 1840; baseline -0.008 -26"><span class='ocrx_word' id='word_1_83' title='bbox 86 1755 235 1840; x_wconf 85' lang='lat' dir='ltr'>partem</span> <span class='ocrx_word' id='word_1_84' title='bbox 268 1725 428 1818; x_wconf 86' lang='lat' dir='ltr'><strong>Piscium</strong></span> <span class='ocrx_word' id='word_1_85' title='bbox 453 1731 690 1834; x_wconf 80' lang='lat' dir='ltr'>referimus,</span> <span class='ocrx_word' id='word_1_86' title='bbox 732 1759 818 1815; x_wconf 91' lang='lat' dir='ltr'>cum</span> <span class='ocrx_word' id='word_1_87' title='bbox 844 1728 1061 1814; x_wconf 83' lang='lat' dir='ltr'>Latimdine</span> <span class='ocrx_word' id='word_1_88' title='bbox 1084 1725 1233 1810; x_wconf 87' lang='lat' dir='ltr'>boreali</span> <span class='ocrx_word' id='word_1_89' title='bbox 1262 1741 1311 1826; x_wconf 86' lang='lat'>83</span> <span class='ocrx_word' id='word_1_90' title='bbox 1339 1725 1404 1806; x_wconf 85' lang='lat' dir='ltr'>vel</span> 
     </span>
     <span class='ocr_line' id='line_1_13' title="bbox 87 1829 1405 1951; baseline -0.013 -21"><span class='ocrx_word' id='word_1_91' title='bbox 87 1855 144 1934; x_wconf 86' lang='lat'>84</span> <span class='ocrx_word' id='word_1_92' title='bbox 179 1843 343 1950; x_wconf 92' lang='lat' dir='ltr'>partium</span> <span class='ocrx_word' id='word_1_93' title='bbox 373 1872 384 1928; x_wconf 83' lang='lat'>3</span> <span class='ocrx_word' id='word_1_94' title='bbox 437 1839 539 1926; x_wconf 90' lang='lat' dir='ltr'>unde</span> <span class='ocrx_word' id='word_1_95' title='bbox 574 1841 693 1924; x_wconf 84' lang='lat' dir='ltr'>Stella</span> <span class='ocrx_word' id='word_1_96' title='bbox 727 1840 869 1951; x_wconf 88' lang='lat' dir='ltr'>polaris</span> <span class='ocrx_word' id='word_1_97' title='bbox 896 1841 1032 1922; x_wconf 73' lang='lat' dir='ltr'>ardica</span> <span class='ocrx_word' id='word_1_98' title='bbox 1060 1836 1132 1920; x_wconf 87' lang='lat' dir='ltr'>erit</span> <span class='ocrx_word' id='word_1_99' title='bbox 1159 1862 1205 1916; x_wconf 90' lang='lat' dir='ltr'>ea</span> <span class='ocrx_word' id='word_1_100' title='bbox 1230 1829 1281 1916; x_wconf 90' lang='lat' dir='ltr'>ad</span> <span class='ocrx_word' id='word_1_101' title='bbox 1305 1836 1405 1917; x_wconf 88' lang='lat' dir='ltr'>Dra-</span> 
     </span>
     <span class='ocr_line' id='line_1_14' title="bbox 86 1933 1403 2061; baseline -0.005 -34"><span class='ocrx_word' id='word_1_102' title='bbox 86 1951 194 2032; x_wconf 87' lang='lat' dir='ltr'>conis</span> <span class='ocrx_word' id='word_1_103' title='bbox 221 1956 401 2033; x_wconf 82' lang='lat' dir='ltr'>flexuram</span> <span class='ocrx_word' id='word_1_104' title='bbox 430 1946 659 2047; x_wconf 86' lang='lat' dir='ltr'>secundam,</span> <span class='ocrx_word' id='word_1_105' title='bbox 694 1975 856 2061; x_wconf 76' lang='lat' dir='ltr'>quaque</span> <span class='ocrx_word' id='word_1_106' title='bbox 882 1948 1002 2029; x_wconf 91' lang='lat' dir='ltr'>tribus</span> <span class='ocrx_word' id='word_1_107' title='bbox 1029 1941 1210 2056; x_wconf 82' lang='lat' dir='ltr'>gradibus</span> <span class='ocrx_word' id='word_1_108' title='bbox 1237 1940 1287 2024; x_wconf 80' lang='lat' dir='ltr'>ab</span> <span class='ocrx_word' id='word_1_109' title='bbox 1320 1933 1403 2046; x_wconf 91' lang='lat' dir='ltr'>ipso</span> 
     </span>
     <span class='ocr_line' id='line_1_15' title="bbox 84 2046 1404 2161; baseline -0.008 -23"><span class='ocrx_word' id='word_1_110' title='bbox 84 2059 186 2141; x_wconf 91' lang='lat' dir='ltr'>Polo</span> <span class='ocrx_word' id='word_1_111' title='bbox 220 2085 300 2141; x_wconf 91' lang='lat' dir='ltr'>non</span> <span class='ocrx_word' id='word_1_112' title='bbox 338 2056 460 2141; x_wconf 81' lang='lat' dir='ltr'>distat.</span> <span class='ocrx_word' id='word_1_113' title='bbox 544 2057 659 2140; x_wconf 87' lang='lat' dir='ltr'>Polus</span> <span class='ocrx_word' id='word_1_114' title='bbox 694 2057 873 2142; x_wconf 86' lang='lat' dir='ltr'>austrinus</span> <span class='ocrx_word' id='word_1_115' title='bbox 903 2055 974 2137; x_wconf 90' lang='lat' dir='ltr'>erit</span> <span class='ocrx_word' id='word_1_116' title='bbox 1008 2053 1048 2134; x_wconf 94' lang='lat' dir='ltr'>in</span> <span class='ocrx_word' id='word_1_117' title='bbox 1088 2072 1140 2144; x_wconf 90' lang='lat'>10</span> <span class='ocrx_word' id='word_1_118' title='bbox 1171 2046 1292 2161; x_wconf 86' lang='lat' dir='ltr'>gradu</span> <span class='ocrx_word' id='word_1_119' title='bbox 1316 2047 1404 2128; x_wconf 90' lang='lat' dir='ltr'>Vir-</span> 
     </span>
     <span class='ocr_line' id='line_1_16' title="bbox 113 2150 1405 2278; baseline -0.009 -32"><span class='ocrx_word' id='word_1_120' title='bbox 113 2167 217 2264; x_wconf 82' lang='lat' dir='ltr'>Inis,</span> <span class='ocrx_word' id='word_1_121' title='bbox 261 2164 440 2278; x_wconf 80' lang='lat' dir='ltr'>gradibus</span> <span class='ocrx_word' id='word_1_122' title='bbox 470 2183 519 2268; x_wconf 83' lang='lat'>83</span> <span class='ocrx_word' id='word_1_123' title='bbox 551 2166 616 2258; x_wconf 92' lang='lat' dir='ltr'>vel</span> <span class='ocrx_word' id='word_1_124' title='bbox 645 2181 699 2260; x_wconf 87' lang='lat'>84</span> <span class='ocrx_word' id='word_1_125' title='bbox 725 2167 819 2247; x_wconf 85' lang='lat' dir='ltr'>latus</span> <span class='ocrx_word' id='word_1_126' title='bbox 845 2164 884 2246; x_wconf 93' lang='lat' dir='ltr'>in</span> <span class='ocrx_word' id='word_1_127' title='bbox 914 2160 1126 2256; x_wconf 85' lang='lat' dir='ltr'>Austrum,</span> <span class='ocrx_word' id='word_1_128' title='bbox 1167 2150 1295 2238; x_wconf 80' lang='lat' dir='ltr'>vicina</span> <span class='ocrx_word' id='word_1_129' title='bbox 1310 2152 1405 2235; x_wconf 78' lang='lat' dir='ltr'>liel-</span> 
     </span>
    </p>

    <p class='ocr_par' dir='ltr' id='par_1_6' title="bbox 82 2195 1473 2497">
     <span class='ocr_line' id='line_1_17' title="bbox 83 2195 1404 2387; baseline -0.012 -26"><span class='ocrx_word' id='word_1_130' title='bbox 83 2195 122 2360; x_wconf 52' lang='grc' dir='ltr'><strong>ξ</strong></span> <span class='ocrx_word' id='word_1_131' title='bbox 151 2299 297 2385; x_wconf 85' lang='lat' dir='ltr'>quartat</span> <span class='ocrx_word' id='word_1_132' title='bbox 324 2273 621 2386; x_wconf 83' lang='lat' dir='ltr'>magnitudinis,</span> <span class='ocrx_word' id='word_1_133' title='bbox 665 2300 751 2387; x_wconf 86' lang='lat' dir='ltr'>quoe</span> <span class='ocrx_word' id='word_1_134' title='bbox 778 2275 842 2358; x_wconf 88' lang='lat' dir='ltr'>Cl.</span> <span class='ocrx_word' id='word_1_135' title='bbox 871 2266 1018 2351; x_wconf 80' lang='lat' dir='ltr'>Halleio</span> <span class='ocrx_word' id='word_1_136' title='bbox 1046 2267 1099 2352; x_wconf 89' lang='lat' dir='ltr'>est</span> <span class='ocrx_word' id='word_1_137' title='bbox 1121 2268 1161 2351; x_wconf 90' lang='lat' dir='ltr'>in</span> <span class='ocrx_word' id='word_1_138' title='bbox 1187 2258 1315 2375; x_wconf 81' lang='lat' dir='ltr'>Argus</span> <span class='ocrx_word' id='word_1_139' title='bbox 1337 2285 1404 2346; x_wconf 83' lang='lat' dir='ltr'>na-</span> 
     </span>
     <span class='ocr_line' id='line_1_18' title="bbox 82 2379 1473 2497; baseline -0.007 -29"><span class='ocrx_word' id='word_1_140' title='bbox 82 2386 144 2472; x_wconf 88' lang='lat' dir='ltr'>vis</span> <span class='ocrx_word' id='word_1_141' title='bbox 173 2386 299 2497; x_wconf 92' lang='lat' dir='ltr'>primo</span> <span class='ocrx_word' id='word_1_142' title='bbox 323 2411 462 2481; x_wconf 90' lang='lat' dir='ltr'>remo,</span> <span class='ocrx_word' id='word_1_143' title='bbox 500 2379 663 2496; x_wconf 87' lang='lat' dir='ltr'>infignis.</span> <span class='ocrx_word' id='word_1_144' title='bbox 726 2478 727 2487; x_wconf 14' lang='lat' dir='ltr'>p</span> <span class='ocrx_word' id='word_1_145' title='bbox 1169 2451 1174 2464; x_wconf 85' lang='lat'>,</span> <span class='ocrx_word' id='word_1_146' title='bbox 1449 2389 1473 2446; x_wconf 80' lang='lat'><em>⁰</em></span> 
     </span>
    </p>
   </div>
   <div class='ocr_carea' id='block_1_6' title="bbox 81 2539 1566 3202">
    <p class='ocr_par' dir='ltr' id='par_1_7' title="bbox 81 2539 1566 3202">
     <span class='ocr_line' id='line_1_19' title="bbox 140 2539 1406 2664; baseline -0.009 -28"><span class='ocrx_word' id='word_1_147' title='bbox 140 2555 192 2636; x_wconf 90' lang='lat' dir='ltr'>Et</span> <span class='ocrx_word' id='word_1_148' title='bbox 220 2552 310 2635; x_wconf 85' lang='lat' dir='ltr'>licet</span> <span class='ocrx_word' id='word_1_149' title='bbox 344 2548 581 2637; x_wconf 85' lang='lat' dir='ltr'>obseruator</span> <span class='ocrx_word' id='word_1_150' title='bbox 616 2551 812 2664; x_wconf 66' lang='lat' dir='ltr'>predictus</span> <span class='ocrx_word' id='word_1_151' title='bbox 847 2553 988 2635; x_wconf 90' lang='lat' dir='ltr'>nullam</span> <span class='ocrx_word' id='word_1_152' title='bbox 1014 2548 1152 2633; x_wconf 73' lang='lat' dir='ltr'>Nullis</span> <span class='ocrx_word' id='word_1_153' title='bbox 1188 2539 1406 2629; x_wconf 82' lang='lat' dir='ltr'>vicillitridi·</span> 
     </span>
     <span class='ocr_line' id='line_1_20' title="bbox 85 2653 1404 2772; baseline -0.009 -28"><span class='ocrx_word' id='word_1_154' title='bbox 85 2689 175 2744; x_wconf 88' lang='lat' dir='ltr'>nem</span> <span class='ocrx_word' id='word_1_155' title='bbox 202 2662 400 2770; x_wconf 90' lang='lat' dir='ltr'>patiatur,</span> <span class='ocrx_word' id='word_1_156' title='bbox 474 2664 589 2772; x_wconf 92' lang='lat' dir='ltr'>uippe</span> <span class='ocrx_word' id='word_1_157' title='bbox 655 2665 693 2744; x_wconf 92' lang='lat' dir='ltr'>ui</span> <span class='ocrx_word' id='word_1_158' title='bbox 736 2663 777 2743; x_wconf 93' lang='lat' dir='ltr'>in</span> <span class='ocrx_word' id='word_1_159' title='bbox 801 2663 972 2771; x_wconf 89' lang='lat' dir='ltr'>corporis</span> <span class='ocrx_word' id='word_1_160' title='bbox 1001 2654 1244 2753; x_wconf 75' lang='lat' dir='ltr'>lucidiss&#39;rmi,</span> <span class='ocrx_word' id='word_1_161' title='bbox 1285 2653 1404 2737; x_wconf 84' lang='lat' dir='ltr'>Diem</span> 
     </span>
     <span class='ocr_line' id='line_1_21' title="bbox 84 2690 1405 2881; baseline -0.01 -28"><span class='ocrx_word' id='word_1_162' title='bbox 84 2769 294 2868; x_wconf 87' lang='lat' dir='ltr'>facientis,</span> <span class='ocrx_word' id='word_1_163' title='bbox 336 2690 529 2881; x_wconf 67' lang='lat' dir='ltr'>superdcie</span> <span class='ocrx_word' id='word_1_164' title='bbox 556 2797 607 2852; x_wconf 89' lang='lat' dir='ltr'>ve</span> <span class='ocrx_word' id='word_1_165' title='bbox 640 2794 757 2868; x_wconf 89' lang='lat' dir='ltr'>atur,</span> <span class='ocrx_word' id='word_1_166' title='bbox 802 2772 900 2853; x_wconf 82' lang='lat' dir='ltr'>Frxae</span> <span class='ocrx_word' id='word_1_167' title='bbox 927 2793 1055 2851; x_wconf 85' lang='lat' dir='ltr'>tamen</span> <span class='ocrx_word' id='word_1_168' title='bbox 1084 2770 1124 2847; x_wconf 81' lang='grc' dir='ltr'>δι</span> <span class='ocrx_word' id='word_1_169' title='bbox 1154 2763 1318 2845; x_wconf 81' lang='lat' dir='ltr'>Planetae</span> <span class='ocrx_word' id='word_1_170' title='bbox 1346 2783 1405 2840; x_wconf 86' lang='lat' dir='ltr'>ar·</span> 
     </span>
     <span class='ocr_line' id='line_1_22' title="bbox 85 2867 1405 2990; baseline -0.011 -28"><span class='ocrx_word' id='word_1_171' title='bbox 85 2905 152 2962; x_wconf 88' lang='lat' dir='ltr'>cus</span> <span class='ocrx_word' id='word_1_172' title='bbox 182 2875 222 2960; x_wconf 88' lang='lat' dir='ltr'>su</span> <span class='ocrx_word' id='word_1_173' title='bbox 250 2905 290 2960; x_wconf 92' lang='lat' dir='ltr'>ra</span> <span class='ocrx_word' id='word_1_174' title='bbox 312 2878 488 2990; x_wconf 89' lang='lat' dir='ltr'>infraque</span> <span class='ocrx_word' id='word_1_175' title='bbox 507 2879 763 2963; x_wconf 87' lang='lat' dir='ltr'>Horizontem</span> <span class='ocrx_word' id='word_1_176' title='bbox 786 2877 990 2988; x_wconf 65' lang='lat' dir='ltr'>inaequales</span> <span class='ocrx_word' id='word_1_177' title='bbox 1017 2867 1253 2967; x_wconf 78' lang='lat' dir='ltr'>sortientur,</span> <span class='ocrx_word' id='word_1_178' title='bbox 1289 2888 1405 2978; x_wconf 88' lang='lat' dir='ltr'>prout</span> 
     </span>
     <span class='ocr_line' id='line_1_23' title="bbox 82 2905 1406 3176; baseline -0.013 -104"><span class='ocrx_word' id='word_1_179' title='bbox 82 2988 136 3072; x_wconf 83' lang='lat' dir='ltr'>ad</span> <span class='ocrx_word' id='word_1_180' title='bbox 163 2905 304 3068; x_wconf 82' lang='lat' dir='ltr'>Polum</span> <span class='ocrx_word' id='word_1_181' title='bbox 336 2987 528 3071; x_wconf 86' lang='lat' dir='ltr'>elevatum</span> <span class='ocrx_word' id='word_1_182' title='bbox 561 2987 625 3068; x_wconf 86' lang='lat' dir='ltr'>vel</span> <span class='ocrx_word' id='word_1_183' title='bbox 656 2981 866 3176; x_wconf 82' lang='lat' dir='ltr'>deprellum</span> <span class='ocrx_word' id='word_1_184' title='bbox 888 2986 937 3067; x_wconf 89' lang='lat' dir='ltr'>ab</span> <span class='ocrx_word' id='word_1_185' title='bbox 959 2985 1169 3094; x_wconf 84' lang='lat' dir='ltr'>AEquatore</span> <span class='ocrx_word' id='word_1_186' title='bbox 1190 2975 1406 3061; x_wconf 85' lang='lat' dir='ltr'>declinave-</span> 
     </span>
     <span class='ocr_line' id='line_1_24' title="bbox 81 3092 1566 3202; baseline -0.004 -24"><span class='ocrx_word' id='word_1_187' title='bbox 81 3099 163 3178; x_wconf 88' lang='lat' dir='ltr'>rint</span> <span class='ocrx_word' id='word_1_188' title='bbox 175 3152 189 3192; x_wconf 93' lang='lat'>,</span> <span class='ocrx_word' id='word_1_189' title='bbox 220 3092 330 3202; x_wconf 90' lang='lat' dir='ltr'>plane</span> <span class='ocrx_word' id='word_1_190' title='bbox 351 3118 394 3176; x_wconf 90' lang='lat' dir='ltr'>ut</span> <span class='ocrx_word' id='word_1_191' title='bbox 414 3094 526 3178; x_wconf 91' lang='lat' dir='ltr'>nobis</span> <span class='ocrx_word' id='word_1_192' title='bbox 547 3095 704 3178; x_wconf 87' lang='lat' dir='ltr'>Tetrico</span> <span class='ocrx_word' id='word_1_193' title='bbox 720 3096 751 3176; x_wconf 83' lang='lat' dir='ltr'>&#39;s</span> <span class='ocrx_word' id='word_1_194' title='bbox 772 3094 916 3176; x_wconf 86' lang='lat' dir='ltr'>evenit.</span> <span class='ocrx_word' id='word_1_195' title='bbox 966 3131 982 3160; x_wconf 92' lang='lat'><strong>·</strong></span> <span class='ocrx_word' id='word_1_196' title='bbox 1561 3109 1566 3118; x_wconf 91' lang='lat'>&#39;</span> 
     </span>
    </p>
   </div>
   <div class='ocr_carea' id='block_1_7' title="bbox 84 3234 1547 4712">
    <p class='ocr_par' dir='ltr' id='par_1_8' title="bbox 84 3234 1421 4536">
     <span class='ocr_line' id='line_1_25' title="bbox 141 3234 1403 3348; baseline -0.003 -30"><span class='ocrx_word' id='word_1_197' title='bbox 141 3235 309 3319; x_wconf 85' lang='lat' dir='ltr'>Planetae</span> <span class='ocrx_word' id='word_1_198' title='bbox 341 3234 364 3318; x_wconf 81' lang='grc' dir='ltr'>ὲ</span> <span class='ocrx_word' id='word_1_199' title='bbox 395 3237 486 3320; x_wconf 90' lang='lat' dir='ltr'>Sole</span> <span class='ocrx_word' id='word_1_200' title='bbox 518 3234 671 3348; x_wconf 71' lang='lat' dir='ltr'>spellati</span> <span class='ocrx_word' id='word_1_201' title='bbox 714 3235 869 3322; x_wconf 82' lang='lat' dir='ltr'>diversae</span> <span class='ocrx_word' id='word_1_202' title='bbox 901 3242 947 3320; x_wconf 89' lang='lat' dir='ltr'>M</span> <span class='ocrx_word' id='word_1_203' title='bbox 998 3237 1179 3322; x_wconf 89' lang='lat' dir='ltr'>nitudinis</span> <span class='ocrx_word' id='word_1_204' title='bbox 1210 3235 1403 3320; x_wconf 85' lang='lat' dir='ltr'>videntur.</span> 
     </span>
     <span class='ocr_line' id='line_1_26' title="bbox 85 3336 1406 3456; baseline -0.007 -29"><span class='ocrx_word' id='word_1_205' title='bbox 85 3345 242 3428; x_wconf 85' lang='lat' dir='ltr'>Saturni</span> <span class='ocrx_word' id='word_1_206' title='bbox 263 3342 420 3455; x_wconf 89' lang='lat' dir='ltr'>quidem</span> <span class='ocrx_word' id='word_1_207' title='bbox 442 3344 626 3430; x_wconf 86' lang='lat' dir='ltr'>diameter</span> <span class='ocrx_word' id='word_1_208' title='bbox 647 3343 838 3428; x_wconf 88' lang='lat' dir='ltr'>subtendit</span> <span class='ocrx_word' id='word_1_209' title='bbox 870 3372 971 3456; x_wconf 90' lang='lat' dir='ltr'>angu</span> <span class='ocrx_word' id='word_1_210' title='bbox 985 3373 1049 3427; x_wconf 93' lang='lat' dir='ltr'>um</span> <span class='ocrx_word' id='word_1_211' title='bbox 1079 3339 1168 3438; x_wconf 72' lang='lat'>18⁰,</span> <span class='ocrx_word' id='word_1_212' title='bbox 1197 3341 1305 3448; x_wconf 86' lang='lat' dir='ltr'>Jovis</span> <span class='ocrx_word' id='word_1_213' title='bbox 1314 3336 1406 3444; x_wconf 68' lang='lat' dir='ltr'>fere</span> 
     </span>
     <span class='ocr_line' id='line_1_27' title="bbox 84 3445 1402 3563; baseline -0.005 -30"><span class='ocrx_word' id='word_1_214' title='bbox 84 3449 175 3550; x_wconf 77' lang='lat'>40⁰,</span> <span class='ocrx_word' id='word_1_215' title='bbox 212 3452 346 3533; x_wconf 87' lang='lat' dir='ltr'>Martis</span> <span class='ocrx_word' id='word_1_216' title='bbox 369 3476 515 3535; x_wconf 89' lang='lat' dir='ltr'>tantum</span> <span class='ocrx_word' id='word_1_217' title='bbox 539 3451 597 3563; x_wconf 49' lang='grc' dir='ltr'>δ”,</span> <span class='ocrx_word' id='word_1_218' title='bbox 632 3455 791 3536; x_wconf 87' lang='lat' dir='ltr'>Veneris</span> <span class='ocrx_word' id='word_1_219' title='bbox 815 3451 899 3550; x_wconf 87' lang='lat'>28&#39;&#39;,</span> <span class='ocrx_word' id='word_1_220' title='bbox 929 3455 969 3533; x_wconf 74' lang='grc' dir='ltr'>δι</span> <span class='ocrx_word' id='word_1_221' title='bbox 990 3451 1169 3534; x_wconf 86' lang='lat' dir='ltr'>Mercurii</span> <span class='ocrx_word' id='word_1_222' title='bbox 1193 3445 1274 3536; x_wconf 68' lang='lat'>20⁹·</span> <span class='ocrx_word' id='word_1_223' title='bbox 1338 3445 1402 3529; x_wconf 87' lang='lat' dir='ltr'>Cl.</span> 
     </span>
     <span class='ocr_line' id='line_1_28' title="bbox 85 3553 1421 3668; baseline -0.008 -26"><span class='ocrx_word' id='word_1_224' title='bbox 85 3557 287 3668; x_wconf 72' lang='lat' dir='ltr'>Hagenius</span> <span class='ocrx_word' id='word_1_225' title='bbox 308 3557 662 3659; x_wconf 86' lang='lat' dir='ltr'>remotillimorum,</span> <span class='ocrx_word' id='word_1_226' title='bbox 697 3560 805 3667; x_wconf 92' lang='lat' dir='ltr'>Jovis</span> <span class='ocrx_word' id='word_1_227' title='bbox 826 3564 867 3643; x_wconf 82' lang='lat' dir='ltr'>dt</span> <span class='ocrx_word' id='word_1_228' title='bbox 888 3560 1065 3656; x_wconf 82' lang='lat' dir='ltr'>Saturni,</span> <span class='ocrx_word' id='word_1_229' title='bbox 1093 3557 1297 3640; x_wconf 85' lang='lat' dir='ltr'>diametros</span> <span class='ocrx_word' id='word_1_230' title='bbox 1309 3553 1421 3635; x_wconf 91' lang='lat' dir='ltr'>mul-.</span> 
     </span>
     <span class='ocr_line' id='line_1_29' title="bbox 86 3661 1404 3781; baseline -0.011 -27"><span class='ocrx_word' id='word_1_231' title='bbox 86 3695 132 3754; x_wconf 94' lang='lat' dir='ltr'>to</span> <span class='ocrx_word' id='word_1_232' title='bbox 156 3669 320 3770; x_wconf 88' lang='lat' dir='ltr'>majores</span> <span class='ocrx_word' id='word_1_233' title='bbox 340 3670 476 3779; x_wconf 73' lang='lat' dir='ltr'>posits</span> <span class='ocrx_word' id='word_1_234' title='bbox 504 3669 612 3776; x_wconf 83' lang='lat' dir='ltr'>Jovis</span> <span class='ocrx_word' id='word_1_235' title='bbox 630 3697 768 3781; x_wconf 86' lang='lat' dir='ltr'>nempe</span> <span class='ocrx_word' id='word_1_236' title='bbox 794 3666 859 3775; x_wconf 81' lang='lat'>54¹¹</span> <span class='ocrx_word' id='word_1_237' title='bbox 880 3666 981 3757; x_wconf 76' lang='lat' dir='ltr'>ferer</span> <span class='ocrx_word' id='word_1_238' title='bbox 1009 3672 1047 3749; x_wconf 91' lang='lat'>&amp;</span> <span class='ocrx_word' id='word_1_239' title='bbox 1070 3665 1225 3762; x_wconf 86' lang='lat' dir='ltr'>Saturni¹</span> <span class='ocrx_word' id='word_1_240' title='bbox 1243 3661 1404 3768; x_wconf 80' lang='lat' dir='ltr'>Annulo</span> 
     </span>
     <span class='ocr_line' id='line_1_30' title="bbox 87 3770 1403 3888; baseline -0.008 -28"><span class='ocrx_word' id='word_1_241' title='bbox 87 3775 262 3874; x_wconf 88' lang='lat' dir='ltr'>nudati,</span> <span class='ocrx_word' id='word_1_242' title='bbox 297 3774 383 3879; x_wconf 76' lang='lat'><em>&#39;27&#39;&#39;.</em></span> <span class='ocrx_word' id='word_1_243' title='bbox 461 3777 503 3860; x_wconf 84' lang='lat' dir='ltr'>Si</span> <span class='ocrx_word' id='word_1_244' title='bbox 534 3776 694 3860; x_wconf 89' lang='lat' dir='ltr'>Telluris</span> <span class='ocrx_word' id='word_1_245' title='bbox 721 3802 963 3888; x_wconf 85' lang='lat' dir='ltr'>apparentem</span> <span class='ocrx_word' id='word_1_246' title='bbox 998 3775 1019 3858; x_wconf 81' lang='grc' dir='ltr'>ὲ</span> <span class='ocrx_word' id='word_1_247' title='bbox 1050 3774 1141 3858; x_wconf 87' lang='lat' dir='ltr'>Sole</span> <span class='ocrx_word' id='word_1_248' title='bbox 1162 3770 1403 3863; x_wconf 84' lang='lat' dir='ltr'>diametrum,</span> 
     </span>
     <span class='ocr_line' id='line_1_31' title="bbox 88 3878 1406 3995; baseline -0.009 -27"><span class='ocrx_word' id='word_1_249' title='bbox 88 3887 192 3968; x_wconf 88' lang='lat' dir='ltr'>inter</span> <span class='ocrx_word' id='word_1_250' title='bbox 216 3886 474 3992; x_wconf 85' lang='lat' dir='ltr'>proximorum</span> <span class='ocrx_word' id='word_1_251' title='bbox 500 3943 514 3983; x_wconf 95' lang='lat'>,</span> <span class='ocrx_word' id='word_1_252' title='bbox 555 3887 716 3968; x_wconf 87' lang='lat' dir='ltr'>Veneris</span> <span class='ocrx_word' id='word_1_253' title='bbox 738 3889 937 3995; x_wconf 86' lang='lat' dir='ltr'>nempe&amp;</span> <span class='ocrx_word' id='word_1_254' title='bbox 958 3882 1172 3979; x_wconf 89' lang='lat' dir='ltr'>Mercurii,</span> <span class='ocrx_word' id='word_1_255' title='bbox 1200 3878 1406 3965; x_wconf 82' lang='lat' dir='ltr'>diametros</span> 
     </span>
     <span class='ocr_line' id='line_1_32' title="bbox 89 3987 1421 4104; baseline -0.01 -29"><span class='ocrx_word' id='word_1_256' title='bbox 89 3987 504 4104; x_wconf 77' lang='lat' dir='ltr'>apparentes&#39;mediam</span> <span class='ocrx_word' id='word_1_257' title='bbox 528 3993 767 4090; x_wconf 88' lang='lat' dir='ltr'>statuamus,</span> <span class='ocrx_word' id='word_1_258' title='bbox 806 3996 878 4078; x_wconf 87' lang='lat' dir='ltr'>erit</span> <span class='ocrx_word' id='word_1_259' title='bbox 899 3993 978 4076; x_wconf 85' lang='lat' dir='ltr'>haec</span> <span class='ocrx_word' id='word_1_260' title='bbox 1002 3987 1096 4087; x_wconf 84' lang='lat'><em>24&#39;&#39;;</em></span> <span class='ocrx_word' id='word_1_261' title='bbox 1143 3987 1289 4070; x_wconf 89' lang='lat' dir='ltr'>srintet</span> <span class='ocrx_word' id='word_1_262' title='bbox 1310 4010 1421 4094; x_wconf 89' lang='lat' dir='ltr'>qua-.</span> 
     </span>
     <span class='ocr_line' id='line_1_33' title="bbox 87 4091 1407 4214; baseline -0.014 -26"><span class='ocrx_word' id='word_1_263' title='bbox 87 4127 186 4188; x_wconf 84' lang='lat' dir='ltr'>tuor</span> <span class='ocrx_word' id='word_1_264' title='bbox 220 4099 303 4180; x_wconf 89' lang='lat' dir='ltr'>Soli</span> <span class='ocrx_word' id='word_1_265' title='bbox 336 4101 596 4207; x_wconf 81' lang='lat' dir='ltr'>proximorum</span> <span class='ocrx_word' id='word_1_266' title='bbox 630 4098 1020 4190; x_wconf 82' lang='lat' dir='ltr'>diametrosmediam</span> <span class='ocrx_word' id='word_1_267' title='bbox 1061 4103 1177 4198; x_wconf 91' lang='lat' dir='ltr'>(nam</span> <span class='ocrx_word' id='word_1_268' title='bbox 1200 4091 1407 4214; x_wconf 76' lang='lat' dir='ltr'>superiores</span> 
     </span>
     <span class='ocr_line' id='line_1_34' title="bbox 88 4198 1407 4320; baseline -0.015 -23"><span class='ocrx_word' id='word_1_269' title='bbox 88 4209 175 4298; x_wconf 89' lang='lat' dir='ltr'>duo</span> <span class='ocrx_word' id='word_1_270' title='bbox 201 4265 216 4303; x_wconf 95' lang='lat'>,</span> <span class='ocrx_word' id='word_1_271' title='bbox 254 4206 398 4314; x_wconf 86' lang='lat' dir='ltr'>Jupiter</span> <span class='ocrx_word' id='word_1_272' title='bbox 431 4213 472 4292; x_wconf 91' lang='lat'>&amp;</span> <span class='ocrx_word' id='word_1_273' title='bbox 500 4211 716 4317; x_wconf 84' lang='lat' dir='ltr'>Saturnus,</span> <span class='ocrx_word' id='word_1_274' title='bbox 764 4205 913 4319; x_wconf 88' lang='lat' dir='ltr'>prorsus</span> <span class='ocrx_word' id='word_1_275' title='bbox 946 4201 1100 4290; x_wconf 83' lang='lat' dir='ltr'>diversae</span> <span class='ocrx_word' id='word_1_276' title='bbox 1133 4198 1407 4320; x_wconf 82' lang='lat' dir='ltr'>Magnitudims</span> 
     </span>
     <span class='ocr_line' id='line_1_35' title="bbox 91 4305 1408 4420; baseline -0.008 -20"><span class='ocrx_word' id='word_1_277' title='bbox 91 4315 177 4404; x_wconf 84' lang='lat' dir='ltr'>finr</span> <span class='ocrx_word' id='word_1_278' title='bbox 201 4310 252 4396; x_wconf 89' lang='lat' dir='ltr'>ab</span> <span class='ocrx_word' id='word_1_279' title='bbox 273 4311 540 4420; x_wconf 85' lang='lat' dir='ltr'>inferioribus)</span> <span class='ocrx_word' id='word_1_280' title='bbox 573 4317 810 4415; x_wconf 84' lang='lat' dir='ltr'>statuamus,</span> <span class='ocrx_word' id='word_1_281' title='bbox 850 4318 923 4400; x_wconf 88' lang='lat' dir='ltr'>erit</span> <span class='ocrx_word' id='word_1_282' title='bbox 945 4314 1009 4402; x_wconf 84' lang='lat' dir='ltr'>illa</span> <span class='ocrx_word' id='word_1_283' title='bbox 1036 4307 1101 4410; x_wconf 86' lang='lat'>18&#39;&#39;</span> <span class='ocrx_word' id='word_1_284' title='bbox 1122 4337 1188 4396; x_wconf 90' lang='lat' dir='ltr'>aut</span> <span class='ocrx_word' id='word_1_285' title='bbox 1216 4305 1279 4410; x_wconf 71' lang='lat'>19⁰</span> <span class='ocrx_word' id='word_1_286' title='bbox 1302 4307 1408 4392; x_wconf 80' lang='lat' dir='ltr'>circl-</span> 
     </span>
     <span class='ocr_line' id='line_1_36' title="bbox 89 4416 978 4536; baseline -0.002 -27"><span class='ocrx_word' id='word_1_287' title='bbox 89 4449 176 4526; x_wconf 81' lang='lat' dir='ltr'>tet,</span> <span class='ocrx_word' id='word_1_288' title='bbox 216 4444 399 4536; x_wconf 83' lang='lat' dir='ltr'>quantam</span> <span class='ocrx_word' id='word_1_289' title='bbox 417 4428 472 4511; x_wconf 89' lang='lat' dir='ltr'>D.</span> <span class='ocrx_word' id='word_1_290' title='bbox 496 4416 653 4532; x_wconf 74' lang='lat' dir='ltr'>Ctffinut</span> <span class='ocrx_word' id='word_1_291' title='bbox 671 4425 774 4511; x_wconf 86' lang='lat' dir='ltr'>illam</span> <span class='ocrx_word' id='word_1_292' title='bbox 797 4425 919 4534; x_wconf 87' lang='lat' dir='ltr'>ponit.</span> <span class='ocrx_word' id='word_1_293' title='bbox 975 4479 978 4486; x_wconf 88' lang='lat'>·</span> 
     </span>
    </p>

    <p class='ocr_par' dir='ltr' id='par_1_9' title="bbox 169 4521 1547 4712">
     <span class='ocr_line' id='line_1_37' title="bbox 169 4521 1547 4628; baseline -0.011 -12"><span class='ocrx_word' id='word_1_294' title='bbox 169 4557 185 4574; x_wconf 73' lang='lat'><strong><em>‘</em></strong></span> <span class='ocrx_word' id='word_1_295' title='bbox 751 4537 899 4624; x_wconf 86' lang='lat' dir='ltr'>Mm2</span> <span class='ocrx_word' id='word_1_296' title='bbox 1284 4521 1410 4610; x_wconf 84' lang='lat' dir='ltr'>EPla-</span> <span class='ocrx_word' id='word_1_297' title='bbox 1531 4605 1547 4628; x_wconf 40' lang='lat'>⁸</span> 
     </span>
     <span class='ocr_line' id='line_1_38' title="bbox 311 4661 338 4712; baseline 0 0"><span class='ocrx_word' id='word_1_298' title='bbox 311 4661 338 4712; x_wconf 78' lang='grc' dir='ltr'><strong>ο</strong></span> 
     </span>
    </p>
   </div>
   <div class='ocr_carea' id='block_1_8' title="bbox 0 0 2166 5686">
    <p class='ocr_par' dir='ltr' id='par_1_10' title="bbox 0 0 2166 5686">
     <span class='ocr_line' id='line_1_39' title="bbox 0 0 2166 5686; baseline 0 1"><span class='ocrx_word' id='word_1_299' title='bbox 0 0 2166 5686; x_wconf 95' lang='lat' dir='ltr'> </span> 
     </span>
    </p>
   </div>
  </div>
 </body>
</html>
