4420 5692
667 619 743 690 434
878 547 1812 676 asrn'oruorrrmrtrsrce

827 933 833 941 .
965 781 1493 904 suerro
1581 742 1717 938 111..

663 987 743 1076 Du
795 988 1135 1076 Ennomus
1194 1011 1340 1098 Quor
1392 987 1504 1072 Sor
1555 1011 1858 1076 rnonuctr
1915 1013 1979 1072 rte

738 1126 901 1187 Moru
968 1100 1343 1192 Sarrrrrrrr.
1385 1126 1503 1188 curt
1552 1127 1702 1205 rJur
1757 1103 1977 1186 Ortum

722 1218 1105 1304 Ercrnrnrcn
1156 1241 1256 1300 err
1303 1244 1327 1300 r
1381 1240 1482 1301 nvo
1526 1221 1842 1304 Permitto,

739 1415 758 1494 1
792 1411 969 1524 corporis
1005 1409 1164 1494 minoris
1197 1438 1223 1492 n
1252 1410 1370 1498 Orbis
1398 1437 1478 1494 non
1518 1410 1565 1496 fit
1597 1410 1780 1498 Circulus
1820 1411 1977 1524 corpori

753 1551 898 1636 magno
933 1551 960 1606 τ
997 1523 1288 1622 concentricus,
1314 1520 1379 1608 sed
1413 1523 1564 1638 Fllipfis
1590 1526 1632 1608 in
1665 1529 1770 1631 cujus
1798 1523 1977 1610 focorum

594 1691 598 1698 ·
667 1641 792 1734 altero
825 1667 853 1726 τ
884 1664 1025 1749 corpus
1061 1639 1326 1737 constituitur,
1355 1638 1469 1723 Vites
1501 1640 1676 1750 corporis
1708 1638 1862 1723 maximi
1883 1665 1901 1720 s
1923 1638 1977 1722 ita

668 1780 810 1863 corpus
825 1749 936 1862 'istud
963 1777 988 1834 ι
1018 1751 1324 1864 perturbabunt,
1357 1779 1401 1837 ut
1433 1755 1525 1844 loco
1548 1747 1736 1866 Ellipseos
1767 1753 1976 1835 constantis

669 1872 710 1950 δι
742 1868 938 1963 immone,
962 1892 1080 1978 quam
1107 1893 1176 1978 per
1201 1873 1317 1976 Prop.
1346 1893 1502 1954 xxxix.
1536 1868 1623 1950 Lib.
1655 1891 1691 1954 1.
1720 1863 1976 1962 describeret,

667 1977 857 2064 describat
889 1979 1045 2092 Ellipsrn
1061 2035 1077 2078 ,
1120 1981 1226 2084 cujus
1249 1976 1528 2066 Extent'ricitas
1555 2005 1746 2094 perpetuo
1782 2003 1973 2065 mutatur:

670 2093 888 2204 Orbitaque
915 2095 983 2175 ista
1010 2093 1184 2208 corporis
1213 2119 1239 2180 ι
1270 2094 1318 2178 stc
1344 2095 1557 2208 perturbati
1594 2095 1679 2178 talis
1722 2095 1821 2187 erit,
1863 2119 1910 2174 ac
1946 2089 1975 2176 st

663 2206 762 2291 istud
788 2206 940 2318 Ellipsrn
970 2203 1074 2291 suam
1103 2201 1364 2306 describeret,
1390 2211 1538 2300 interea
1570 2207 1665 2293 dum
1684 2203 1763 2318 ipse
1788 2200 1974 2318 Ellipseos

663 2317 761 2404 Artis
795 2319 878 2428 (ac
914 2319 1023 2404 simul
1065 2316 1144 2432 ipsa
1177 2319 1364 2432 Ellipfis)
1397 2347 1509 2404 motu
1537 2323 1710 2432 angulari
1748 2314 1859 2430 super
1896 2317 1974 2400 Pri·

663 2432 773 2518 marii
807 2459 981 2516 centrum
1005 2427 1178 2546 prorsum
1210 2434 1277 2518 vel
1307 2430 1513 2518 retrorsum
1543 2459 1759 2530 movetur,
1791 2453 1972 2514 manente

661 2547 812 2658 planor
845 2545 924 2629 hoc
951 2547 1031 2644 est,
1075 2546 1243 2630 dialecto
1279 2544 1582 2646 Astronornici,
1632 2545 1815 2632 satellitis
1858 2543 1974 2625 Orbi·
2071 2557 2073 2560 ’

662 2683 744 2742 tarn
776 2661 1044 2744 Eucentricam
1075 2657 1323 2742 describentis
1353 2682 1485 2746 motus
1516 2660 1540 2742 i
1567 2662 1662 2747 Sole
1684 2663 1748 2763 ita
1776 2656 1974 2770 perturba·

663 2793 759 2868 tur,
798 2795 841 2852 ut
870 2771 965 2854 dunt
996 2773 1059 2856 bic
1092 2771 1271 2862 Orbitam
1298 2767 1401 2857 suam
1427 2775 1637 2886 percurrit,
1679 2770 1791 2887 ipsrus
1823 2771 1972 2853 Orbitae

662 2881 829 2996 Apsrdes
856 2911 961 2967 nunc
996 2885 1037 2967 in
1074 2879 1350 2997 consequentia
1373 2885 1572 2984 serantur,
1616 2914 1720 2972 nunc
1753 2885 1793 2968 in
1820 2909 1973 2974 antece·

562 3085 564 3093 ,
663 2996 811 3115 denna
870 2997 937 3082 Ad
981 2997 1058 3080 boc
1097 2997 1341 3111 proban-dum
1380 3027 1443 3084 ret
1483 3000 1598 3088 altius
1642 3001 1696 3088 est
1735 2995 1968 3112 repetenda,

664 3112 704 3200 dc
736 3107 914 3224 quedam
940 3114 1141 3203 Lemmata
1167 3113 1445 3224 premittenda.
1613 3130 1616 3136 '

2002 3205 2018 3252 l

931 3298 1479 3388 PROPOSITIO
1575 3300 1730 3386 IlI.f

684 3499 841 3572 evenire
872 3497 984 3600 legem
1010 3489 1075 3571 Vir
1100 3499 1325 3599 rrumpere,
1358 3489 1434 3604 qua*
1456 3511 1628 3600 urgente,
1658 3510 1780 3600 cerpus
1812 3497 1854 3569 ie
1882 3514 1962 3573 tre·

708 3611 868 3712 jesserr'e
906 3631 1119 3714 quecunque
1151 3611 1252 3686 circa
1282 3631 1443 3685 centrum
1477 3609 1623 3684 virium
1648 3609 1864 3685 revolvente
1893 3635 1966 3684 mo·

713 3725 801 3798 veri
828 3721 957 3827 pessit,
997 3716 1083 3796 dum
1114 3743 1235 3828 corpus
1268 3719 1380 3800 eliud
1404 3724 1447 3797 in
1460 3717 1583 3824 fimili
1620 3711 1666 3805 d*
1694 3724 1823 3835 aquali
1856 3729 1965 3826 traje-

592 3873 597 3888 ·
721 3833 839 3916 cirria
871 3837 957 3942 quse
970 3855 1069 3912 cente
1100 3857 1280 3917 movetur.

488 4004 553 4072 Μ.
573 4003 655 4062 rxV.

498 4089 587 4162 w·
738 4026 774 4102 lt
805 4045 911 4102 nur>
953 4021 1168 4122 trajefitoria
1193 4017 1421 4130 quiescens,
1461 4049 1581 4134 quarn
1613 4047 1754 4134 corpus
1788 4023 1839 4110 ad
1877 4051 1965 4108 cen·

745 4161 845 4216 trum
871 4132 1059 4214 viriumr
1088 4133 1255 4216 tendens
1285 4135 1492 4231 describit,
1521 4137 1721 4248 pergendo
1758 4139 1809 4220 ab
1842 4165 1869 4220 n
1895 4165 1964 4248 pet

662 4247 764 4338 aad
791 4273 825 4328 t.
886 4245 1127 4330 Invenienda
1159 4250 1211 4330 esi
1246 4249 1309 4332 lex
1342 4252 1414 4334 Vis
1460 4238 1679 4362 centripetae'
1725 4252 1775 4334 ad
1809 4277 1835 4332 r
1878 4276 1962 4333 ten·

660 4363 819 4458 dentis,
855 4356 932 4472 quei
968 4387 1156 4468 urgente,
1200 4389 1339 4477 corpus
1373 4363 1478 4448 aliud
1513 4363 1656 4449 seratur
1686 4365 1727 4446 in
1752 4364 1960 4476 petimetto

662 4482 788 4582 finutae
830 4476 927 4582 alp
969 4476 1086 4586 priori
1127 4475 1252 4558 fimilis
1286 4483 1326 4560 dc
1359 4479 1542 4590 equalis,
1590 4479 1734 4561 interea
1763 4479 1856 4562 dum
1882 4479 1962 4560 haec

663 4581 740 4705 ip'u
770 4589 889 4704 figura
933 4591 1025 4698 alp
1068 4587 1167 4672 circa
1203 4617 1230 4672 r
1266 4591 1481 4676 revolvitur
1507 4592 1573 4680 vel
1612 4592 1653 4675 in
1688 4589 1966 4786 consequendal

1901 4732 1950 4791 ve
