4322 5686
116 727 120 736 ,
222 613 267 704 b
297 625 705 708 accurreres
744 629 1081 712 arsurum.
1114 635 1216 713 nn.
1259 635 1325 748 r„
1357 645 1431 726 tn
1547 611 1553 618 ”

117 769 275 843 'currens
288 757 303 852 ‘3
333 765 551 874 jungatur·
578 793 635 862 v,
668 765 719 850 ad
753 795 871 880 quam
902 797 951 852 ex
986 771 1172 878 spunilo
1208 767 1433 851 demittatur
1449 758 1511 856 Ψ·
1529 763 1598 829 ²²¹¹
1686 749 1693 762 ⁹

114 876 445 984 perpendicularis
468 905 487 960 s
508 907 559 974 t,
584 887 675 994 quae'
700 883 938 990 producatur
975 883 1104 965 donec
1137 881 1334 966 Parabolae
1362 909 1433 984 οε,
1470 846 1522 918 ⁵¹*
1557 859 1585 906 ¹'

115 1012 242 1069 currat
270 987 309 1071 in
343 1021 394 1080 vs
433 993 505 1077 erit
527 1031 554 1070 π
589 997 829 1099 Trajeuoriae
868 996 1132 1093 Perihelium,
1170 1000 1211 1076 δι
1253 993 1419 1104 proinde

114 1099 263 1212 ipsruss
290 1139 311 1180 n
340 1105 557 1218 quadrupla
589 1111 642 1192 est
664 1105 832 1214 ejusdem
868 1115 983 1195 Larus
1017 1113 1160 1193 redum
1195 1109 1420 1221 principale.

174 1217 341 1301 Primum
367 1240 502 1332 patet3
526 1248 615 1305 narn
640 1249 729 1305 cum
759 1221 870 1308 iocus
904 1225 984 1308 sin
1017 1223 1214 1306 Parabolae
1256 1247 1330 1304 axe
1358 1248 1417 1304 re..

111 1327 308 1440 petimur,
339 1332 501 1422 circulus
538 1359 713 1444 centros
747 1332 955 1446 descriptus
980 1335 1208 1420 Parabolam
1234 1343 1250 1434 (
1280 1333 1306 1418 fi
1335 1361 1416 1419 om·

114 1437 236 1546 nino')
266 1445 307 1526 in
335 1448 492 1532 duobus
511 1447 663 1559 punctis
682 1443 826 1550 secabit
846 1451 896 1534 ab
919 1477 991 1536 axe
1016 1450 1213 1559 acqualiter
1237 1450 1412 1545 remotis,

113 1558 154 1636 δε
176 1556 343 1668 proinde
362 1556 647 1646 interfectiones
665 1563 903 1674 conjungens
933 1570 1033 1646 rebla
1053 1602 1077 1642 a
1093 1571 1125 1644 v'
1144 1563 1216 1668 erit
1242 1561 1305 1643 axi
1323 1589 1420 1644 nor·

111 1671 222 1753 malis
250 1703 260 1750 ε
289 1673 393 1758 unde
420 1677 545 1769 scell
576 1677 683 1772 axis,
715 1681 755 1757 dc
784 1719 809 1758 π
836 1675 1031 1762 Parabolae
1060 1699 1196 1760 vertex
1218 1672 1297 1757 five
1321 1680 1413 1757 Tra-

108 1782 275 1887 jedlotiae
301 1789 556 1886 Perihelium,
599 1792 639 1870 de
671 1788 886 1922 quadrupla
913 1817 972 1872 sn
998 1814 1213 1902 parameter
1236 1787 1413 1870 diametri

109 1896 217 1999 cujus
242 1904 524 2001 aestuettex,
551 1901 570 2012 (
598 1900 676 1986 hoc
712 1903 788 2003 est,
822 1903 936 2016 tplius
978 1905 1092 1999 axis,
1130 1902 1256 2007 lfive
1294 1902 1411 1985 Latus
1486 1957 1492 1964 ·

108 2017 254 2099 terrum
275 2016 503 2129 principale.
1421 2089 1425 2098 .

180 2130 370 2242 Capiatur
400 2134 569 2244 Tempus
597 2134 704 2234 cujus
745 2129 992 2217 intervallum
1030 2129 1080 2213 ab
1126 2126 1411 2216 Observatione

105 2245 263 2358 prima,
296 2271 384 2328 curn
408 2244 579 2330 Cometa
609 2240 702 2328 ellet
732 2246 843 2340 ini,
873 2246 926 2327 est
953 2243 1004 2328 ad
1026 2244 1273 2342 intervallum
1299 2252 1410 2330 Tem·
1455 2275 1459 2284 ·

104 2359 215 2470 poris
256 2358 357 2442 inter
402 2352 724 2443 observationem
761 2361 922 2469 primam
973 2358 1012 2438 δι
1051 2361 1204 2442 tertiam
1234 2384 1279 2440 ut
1320 2383 1422 2442 area.
1528 2453 1534 2462 ,

103 2483 190 2568 zur
216 2470 267 2556 ad
295 2496 424 2554 aream
458 2483 557 2569 υξες
584 2470 852 2584 eritqueillud
878 2463 999 2582 ipsum
1022 2476 1193 2584 Tempus
1221 2501 1303 2584 quo
1326 2475 1410 2560 Co·

103 2612 213 2676 meta
245 2585 475 2672 Petibelinm
505 2609 624 2671 tenet.
930 2675 932 2682 ,

164 2697 334 2786 Casuum
353 2701 604 2797 varietatem,
630 2697 791 2812 quando
818 2696 997 2780 nimirum
1022 2701 1193 2812 Tempus
1223 2723 1308 2810 quo
1326 2697 1417 2782 Co..

101 2833 210 2905 meta
234 2813 464 2898 Perilrelium
491 2835 597 2898 tenet
624 2815 678 2898 est
710 2839 802 2898 ante
826 2804 1152 2898 Observationem
1180 2811 1338 2923 primam
1369 2820 1409 2899 δι

103 2927 269 3044 quando
295 2929 379 3038 post
413 2927 549 3014 illam,
575 2924 916 3031 Artificisjudicio
944 2927 1233 3034 permittimus,
1259 2925 1353 3012 ficut
1368 2933 1410 3015 δι

102 3049 310 3132 innumera
334 3040 408 3126 alia
429 3041 635 3126 Problema
652 3043 764 3139 hoc,
788 3039 840 3121 de
868 3040 1049 3124 Cometae
1074 3041 1305 3148 Ttajelloria
1321 3039 1415 3149 ejus.

105 3184 189 3272 que
208 3151 384 3270 partibus
404 3153 632 3240 definiendis
650 3212 665 3254 ,
686 3151 906 3244 attinentia.

558 3380 979 3466 §euentum

165 3609 271 3692 Hinc
286 3604 404 3690 etiarn
426 3603 607 3691 Comere
638 3603 849 3715 Perigaeutn
889 3595 1045 3714 ejusque
1078 3605 1248 3714 Tempus
1288 3603 1414 3694 deren

108 3721 319 3808 minabitur
340 3750 350 3800 t
377 3720 483 3802 Nam
503 3745 590 3802 curn
615 3715 727 3804 detur
753 3725 923 3829 Tempus
953 3716 1136 3830 (nempe
1156 3719 1268 3828 quod
1296 3723 1414 3808 inter·

101 3837 235 3946 jicitur
248 3834 351 3920 inter
384 3829 710 3917 Observationem
736 3832 897 3942 primam
927 3833 967 3912 dr
995 3829 1146 3914 tertiam
1172 3831 1190 3938 )
1215 3861 1298 3946 quo
1322 3833 1414 3922 data

105 3977 199 4038 area
222 3963 291 4049 ξος
317 3947 530 4033 &Cometa
544 3945 654 4028 radio
673 3943 724 4028 ad
754 3943 887 4026 Solem
916 3939 1034 4028 dublo
1061 3939 1316 4032 describitur,
1346 3951 1415 4034 da-

105 4065 215 4151 bitur
242 4087 329 4146 area
344 4089 425 4146 uno
450 4060 528 4144 Die
544 4058 711 4143 similiter
727 4051 943 4168 descriptas
969 4082 1137 4168 cumque
1161 4057 1273 4144 detur
1294 4075 1314 4160 ξ
1339 4063 1415 4146 Lo·

105 4205 177 4263 eus
203 4177 381 4260 Cometa
405 4175 446 4256 in
470 4169 757 4255 Observatione
809 4171 932 4268 tima,
969 4168 1165 4254 dabuntur
1195 4173 1302 4259 Loca
1331 4177 1416 4260 Co-

103 4314 220 4378 meta
237 4291 276 4372 in
305 4287 460 4400 proptia
484 4284 717 4389 Trajedlotia
742 4201 806 4368 ad
813 4283 910 4366 Dies
934 4280 1115 4394 fingulos.
1150 4285 1230 4369 sed
1255 4291 1295 4370 δι
1325 4291 1416 4374 dan·
1567 4303 1570 4308 '

106 4431 172 4492 tut
190 4405 296 4488 Loca
314 4401 476 4488 Telluris
500 4400 540 4481 in
566 4401 707 4484 Orbita
732 4392 796 4482 sua
823 4394 874 4478 ad
901 4391 1058 4486 eosdem
1085 4452 1098 4492 ,
1134 4399 1174 4478 &
1198 4397 1217 4505 (
1243 4427 1291 4483 ex
1323 4431 1416 4515 prae.

103 4517 368 4622 cedentibus)
394 4513 483 4597 srtus
502 4537 656 4596 mutuus
684 4514 784 4596 inter
807 4509 974 4594 Telluris
1000 4509 1181 4594 Orbitam
1201 4517 1242 4595 δι
1268 4516 1417 4600 Come-

102 4657 155 4722 tae
171 4629 464 4733 Traiebloriamr
501 4625 606 4722 unde
632 4629 759 4712 Locus
785 4623 853 4710 ubi
886 4624 1059 4712 Cometa
1086 4623 1141 4711 est
1179 4631 1305 4758 Tetrcp
1327 4657 1418 4740 pro·

159 4739 316 4856 §regeri
334 4738 433 4854 Αβι,
450 4733 551 4826 Tm.
578 4741 643 4856 ll.
848 4735 894 4822 li
1260 4765 1418 4844 ximus,
