4346 5676
683 531 900 634 tati

128 643 338 734 »etrar‘rfienr
368 639 635 759 retrograde:
665 671 821 761 quem,
849 633 995 732 liceri
1024 637 1185 736 nemini
1204 639 1450 744 observatu

149 763 275 854 fircrit
292 761 598 862 astronomiae,
630 789 681 850 ex
714 759 887 878 periodo
913 760 1124 880 modoque
1159 763 1338 854 nmfitue
1365 794 1450 860 oon

143 879 348 971 *divetlam
366 909 391 968 a
407 881 598 995 praedictis
616 879 789 969 extitilie
808 881 995 992 conjicio.
1054 880 1326 972 Undeeufim
1348 885 1449 994 ejub

140 999 245 1088 dem
268 1000 436 1087 reditum
455 997 624 1092 fidenter
637 999 880 1114 praedicere,
906 1025 1018 1086 anno
1037 996 1120 1089 scil.
1151 1016 1279 1111 1758.
1319 1003 1448 1115 Quod

148 1117 275 1205 fihoc
299 1121 504 1219 evenerit,
535 1117 643 1203 uuila
661 1120 825 1231 amplius
834 1119 925 1221 {erit
945 1116 1156 1206 dubitandi
1182 1115 1323 1220 causa,
1347 1121 1467 1234 quin

147 1233 279 1324 redire
297 1234 472 1324 debeant
494 1235 636 1324 caeteri.
696 1237 915 1326 Habebunt
946 1261 1048 1350 ergo
1063 1235 1290 1325 Astronomi
1309 1237 1351 1324 in
1370 1237 1445 1328 bat

145 1350 265 1440 areni
288 1381 373 1470 quo
410 1352 448 1441 lc
472 1377 681 1442 exerceant
708 1383 780 1468 pet
804 1355 927 1442 multa
951 1356 1110 1456 Secula,
1142 1350 1444 1470 priusquamtot

143 1495 430 1588 tantorumque
454 1473 686 1586 Corporum
712 1477 817 1562 circa
835 1472 1365 1582 communecentrumSolis
1381 1499 1443 1561 re*

139 1592 401 1678 volventium
428 1615 608 1676 numerus
620 1589 901 1705 cognoscatur,
931 1616 977 1674 ac
1002 1613 1181 1676 motuum
1199 1585 1463 1704 symptoma-j-
1644 1619 1649 1626 ’

143 1730 187 1793 ta
202 1711 319 1796 certis
333 1709 478 1822 regulis·
489 1732 757 1796 coerceantur.
807 1706 1062 1796 Crediderim
1076 1705 1265 1823 equidem
1282 1707 1437 1796 Come*

143 1829 366 1914 cameriam
394 1827 486 1912 anni
525 1843 638 1934 1532
655 1855 674 1927 ‚·
713 1827 885 1912 eundem
912 1822 1023 1912 luille
1050 1851 1139 1912 cum
1159 1824 1263 1924 illo,
1293 1827 1362 1938 qui
1385 1826 1439 1914 ab

40 2021 65 2046 „N
141 1943 309 2030 Heraclio
336 1933 622 2030 observabatur
651 1945 811 2030 ineunte
839 1953 1086 2062 annoxtoot
1121 1938 1225 2028 :led
1257 1938 1439 2029 obferun-
1524 2013 1529 2024 .

131 2061 274 2148 tiones
303 2064 464 2176 Apiani,
494 2087 591 2176 quas
619 2057 722 2147 solas
749 2058 801 2146 de
843 2061 970 2174 primo
992 2059 1207 2160 habemus,
1234 2060 1362 2146 nimia
1375 2083 1438 2146 ru-

88 2181 93 2188 ’
136 2177 212 2264 dte
238 2177 349 2277 sunt,
380 2207 453 2266 nec
478 2181 690 2293 quicquam
714 2177 811 2264 certi
829 2178 938 2294 inre
963 2202 1046 2263 tam
1063 2175 1197 2264 subtili
1220 2202 1270 2263 ex
1298 2173 1436 2264 iisdem
1500 2174 1504 2180 ’

138 2296 231 2382 clici
255 2297 396 2412 potest.
454 2297 563 2405 Justo
588 2295 794 2382 volumine
815 2295 896 2383 haec
919 2294 1055 2384 omnia
1077 2296 1220 2408 exequi
1238 2295 1336 2382 mihi
1352 2295 1437 2382 ani·

138 2442 228 2512 anua
254 2417 327 2514 est,
359 2415 707 2500 nec'Astronomiae
733 2413 1019 2529 promovendae
1044 2413 1119 2499 hac
1140 2414 1182 2499 in
1208 2439 1252 2498 rt
1271 2411 1436 2500 deeroli

139 2524 240 2618 Deo
265 2537 318 2620 0.
346 2536 405 2618 Μ.
429 2529 555 2617 visum
580 2529 701 2618 fiterit
727 2536 853 2619 vitam
883 2528 1167 2647 facultatesque
1201 2555 1434 2644 prorogate.
1572 2556 1575 2566 ¹

137 2650 302 2738 Interim
328 2648 704 2766 quicunqt·modum
732 2648 1000 2737 Consstuendi
1019 2651 1280 2736 Cometarum
1303 2647 1435 2738 orbes

136 2793 323 2882 peteres
359 2765 661 2854 observationes
684 2792 864 2854 accurate
888 2767 1041 2855 habitat
1076 2762 1276 2853 addiscere
1300 2767 1435 2878 cupit,¹

137 2883 209 2974 sub
235 2885 351 2973 finem
373 2887 464 2972 libri
483 2885 536 2972 de
549 2888 765 2998 Syliemate
780 2883 953 2984 Mundi,
983 2883 1064 2971 five
1079 2885 1188 2972 tertii
1204 2883 1434 2999 Philasqrhia

136 2999 245 3090 Nat.
260 3014 420 3119 princip.
450 3005 592 3110 Mqrh.
612 3005 745 3118 magni
756 3003 877 3116 ipfius
895 3004 1119 3092 inventoria
1130 3000 1362 3088 methodum
1376 3004 1435 3088 io·

136 3122 298 3207 veniet:
320 3129 451 3228 Quam
476 3122 611 3237 polica
631 3119 882 3236 Dignilsrmua
898 3121 1075 3236 Collega
1095 3147 1204 3208 meus
1228 3122 1280 3204 D.
1295 3115 1435 3232 Grego-

129 3249 223 3325 ‘rius
233 3296 248 3336 ,
279 3241 365 3324 lib.
386 3243 435 3326 V.
453 3236 685 3352 pereruditae
706 3238 967 3324 Astronomiae
991 3235 1063 3322 luae
1082 3237 1251 3357 Pbyficae
1267 3241 1307 3320 dt
1325 3239 1434 3320 Geo-

129 3357 310 3444 metticae
332 3356 452 3469 plene
474 3363 514 3444 br
536 3356 751 3441 luculenter
772 3354 989 3442 illustravit.
1124 3362 1127 3372 '

198 3477 379 3562 Unicum
399 3500 530 3562 autem
549 3501 631 3562 non
646 3473 718 3560 abt
738 3499 780 3560 re
802 3474 877 3560 crit
891 3497 967 3561 nec
982 3470 1267 3583 injucundum,
1293 3468 1359 3554 hic
1374 3467 1433 3556 lu-

136 3591 178 3679 ci
205 3593 411 3681 Ledorem
438 3619 600 3680 monere
621 3591 927 3682 Astronomumt
962 3617 1105 3704 nempe
1126 3587 1237 3704 quod
1263 3587 1432 3674 nonnul·

138 3711 171 3796 li
196 3738 245 3797 ex
266 3711 326 3799 his
353 3713 535 3800 Cometis
560 3709 710 3798 Nodos
727 3705 818 3796 suos
838 3708 1010 3795 habeant
1030 3709 1136 3796 adeo
1158 3706 1263 3794 Orbi
1298 3709 1430 3793 Terrae

133 3853 270 3916 annuo
291 3830 474 3931 vicinos,
504 3851 549 3916 ut
567 3829 594 3914 sa
610 3828 718 3914 forte
738 3827 947 3926 acciderit,
977 3850 1158 3941 tempore
1180 3823 1327 3911 reditus
1346 3823 1432 3910 Co·

135 3971 277 4046 mete,
308 3949 461 4035 iirram
477 3974 671 4060 occupare
695 3947 855 4032 lucain
879 3946 980 4031 orbe
993 3939 1063 4030 luo
1087 3943 1216 4031 Nodo
1231 3942 1430 4056 proxima,
1595 4051 1606 4062 .

136 4064 235 4150 dum
256 4063 430 4154 Cometa
452 4065 677 4152 incredibili
705 4091 794 4149 cum
812 4063 1041 4150 Velocitate
1066 4062 1332 4178 praetetittit,
1359 4063 1432 4145 Pa·

131 4182 307 4271 =rallaxin
324 4186 443 4270 etiam
468 4185 673 4272 habiturus
702 4179 746 4266 fit
764 4179 883 4268 valde
902 4177 1191 4288 observabilem
1217 4240 1233 4281 ,
1262 4203 1432 4294 quaeque

136 4298 261 4388 fuerit
272 4299 329 4386 ad
348 4302 451 4390 Solis
466 4303 681 4414 parallaxin
700 4301 742 4387 in
762 4301 916 4388 ratione
941 4295 1048 4384 dati.
1110 4298 1235 4384 Unde
1257 4294 1431 4414 occasio·

137 4445 192 4505 nc
210 4417 348 4504 talium
369 4421 594 4508 transituum
610 4421 748 4508 oblata
768 4415 965 4506 tritonia,
997 4443 1086 4504 rara
1101 4417 1263 4534 quidem
1275 4413 1342 4503 led
1358 4441 1430 4526 op·
1576 4517 1580 4526 Ι

4 4647 5 4660 Ν
130 4534 268 4640 eima,
299 4535 746 4648 determinaud180lita
765 4533 1135 4720 Daradglqrqiamr
1168 4563 1288 4654 quam
1302 4535 1432 4618 haere-

4 4677 25 4724 i'
225 4731 229 4740 .
269 4711 277 4746 ·.
923 4727 990 4748 rn-
1094 4678 1137 4748 2'
1350 4673 1432 4752 'nu‘
