4322 5686
92 606 143 727 l·
226 659 271 735 o
308 653 698 745 crourrrrca
735 656 1079 738 naumurum.
1119 663 1220 739 un.
1256 663 1297 742 r.
1371 677 1441 764 σῃ

92 882 97 906 Ι
140 781 262 882 dum,
300 791 366 872 vel
387 815 454 902 per
486 799 526 886 §.
563 817 659 873 vri.
695 783 805 872 Lari.
828 785 959 900 Optic.
987 819 1029 875 v.
1057 815 1125 877 aut
1152 803 1187 890 §.
1220 817 1304 876 111.
1334 787 1508 898 ἰήλω,
1526 847 1582 905 n,

144 895 273 982 Germ.
313 928 380 986 v1.
414 897 632 986 Barrovii:
679 909 866 988 Punctum
905 933 931 986 c
968 905 1017 990 fic
1059 904 1357 992 determinatum
1393 909 1446 992 est
1466 918 1517 998 ug.
1536 933 1563 982 ¹·

80 997 93 1068 l
141 1010 240 1106 illud
285 1009 405 1128 ipsum
444 1017 555 1128 quod
596 1018 807 1102 commode
838 1017 960 1126 primi
998 1019 1089 1102 vice
1133 1015 1332 1131 usurpatur
1371 1048 1448 1134 pro

141 1127 304 1238 vestigio
342 1131 522 1214 Cometae
549 1131 609 1214 in
661 1134 781 1246 plano
825 1133 1035 1242 Eclipricat.
1097 1139 1266 1218 Ponatur
1312 1128 1449 1218 celse
1561 1163 1562 1170 ¹

90 1344 96 1362 ι
138 1241 343 1350 vestigium
377 1247 558 1329 Cometa
600 1246 640 1327 in
674 1247 794 1356 plano
832 1246 1052 1360 Eclipticae‚
1091 1253 1129 1331 dc
1161 1275 1292 1330 arcum
1338 1249 1448 1331 Para·

139 1351 316 1438 bolicum
364 1385 433 1468 per
466 1384 524 1458 n,
548 1385 580 1466 a
607 1364 648 1440 δε
696 1385 721 1441 c
758 1355 1012 1444 transeuntem
1049 1358 1124 1445 esse
1155 1362 1354 1472 vestigium
1391 1387 1446 1444 ar·

141 1465 210 1550 ctis
246 1471 487 1574 Trajedioriae
516 1473 616 1556 inter
656 1467 983 1556 Observationem
1027 1477 1187 1587 primam
1219 1478 1258 1555 δι
1293 1475 1447 1556 tertiam

140 1575 352 1695 descripti:
394 1587 594 1693 Qoniam
634 1587 748 1696 igitur
787 1586 827 1667 in
872 1585 1076 1697 hypothesr
1120 1585 1231 1698 quod
1277 1586 1448 1698 gravitas

138 1697 390 1780 acceleratrix
427 1697 553 1784 versus
584 1700 719 1783 Solem
764 1698 902 1785 eadem
932 1697 978 1783 stt
1008 1701 1085 1782 vel'
1111 1699 1268 1814 aqualis
1302 1702 1342 1781 in
1376 1693 1449 1782 dis-

139 1810 264 1894 tantia
306 1811 473 1896 Telluris
510 1810 534 1896 i
590 1814 684 1897 Sole
722 1838 842 1925 atque
884 1813 924 1895 in
960 1814 1136 1898 distantia
1181 1815 1359 1899 Cometa
1394 1813 1449 1896 ab

138 1922 333 2024 eodem,
382 1927 508 2032 (hoc
539 1928 620 2026 cst,
665 1927 704 2010 in
734 1923 940 2038 hypothesi
971 1926 1169 2038 gravitatis
1200 1955 1319 2039 quam
1369 1922 1448 2007 Ga·

137 2039 251 2116 lilaem
280 2035 410 2137 sovit,
449 2069 615 2154 quaeque
646 2037 669 2123 i
702 2069 800 2123 vero
835 2067 917 2122 non
950 2043 1114 2124 multum
1148 2041 1301 2140 abelis
1323 2042 1343 2148 )-
1372 2065 1454 2130 oo.

136 2155 182 2234 δι
213 2174 231 2230 t
261 2173 291 2233 Ν
327 2149 413 2235 sunt
447 2157 644 2267 aequalest
680 2155 826 2266 quipe
857 2150 977 2265 spatia
1014 2154 1194 2239 cadendo
1223 2149 1352 2239 versus
1377 2156 1451 2237 So·

135 2263 221 2347 lem
248 2263 392 2350 eodem
421 2291 598 2381 tempore
632 2184 807 2380 percursa
846 2264 870 2352 i
913 2271 1085 2352 Cometa
1128 2273 1169 2352 δι
1201 2265 1224 2352 d
1255 2269 1450 2366 Tellure,

135 2381 215 2462 erit
242 2377 350 2494 (per
380 2382 495 2494 Prop.
532 2379 709 2488 xxrr.)
746 2405 818 2463 nu
855 2379 1003 2466 chorda
1045 2383 1243 2466 Parabolae
1275 2381 1324 2464 ad
1353 2380 1391 2480 cl
1422 2399 1451 2472 2
1527 2427 1533 2430 ·

134 2524 163 2578 x
196 2519 225 2577 τ
250 2533 273 2574 τ
320 2493 508 2579 chordam
542 2497 697 2592 circuli,
721 2497 845 2600 ‘cujus
875 2519 1052 2580 centrum
1087 2523 1174 2580 cum
1206 2495 1301 2579 foco
1338 2501 1449 2580 Para·

138 2606 247 2690 bolae
280 2610 491 2720 congruit,
530 2610 570 2692 in
603 2603 869 2721 subduplicata
895 2609 1046 2694 ratione
1078 2613 1185 2693 redae
1217 2631 1274 2693 st
1303 2609 1354 2692 ad
1383 2633 1449 2692 so

139 2723 301 2807 tedam.
360 2721 439 2807 Sed
470 2721 572 2806 sacia
619 2725 672 2808 est
704 2722 869 2807 arad
912 2723 950 2824 'cs
991 2751 1010 2804 2
1056 2756 1078 2800 κ
1118 2751 1146 2806 τ
1181 2759 1201 2798 τ
1234 2722 1273 2804 in
1314 2717 1455 2806 subdu-t¹

137 2837 288 2950 plicata
321 2839 473 2922 ratione
504 2858 562 2920 st
600 2837 652 2921 ad
686 2865 706 2919 s
735 2831 790 2935 i,
827 2841 868 2920 δι
899 2839 1015 2920 etiam
1062 2862 1133 2918 nn
1174 2833 1275 2921 secat
1312 2840 1454 2919 tedam

138 2973 215 3034 tc
254 2951 292 3033 in
330 2951 478 3084 angulo
517 2950 685 3048 debito,
712 2953 753 3032 δι
782 2976 902 3064 porro
945 2976 1026 3033 co
1063 2951 1220 3062 aqualis
1259 2950 1312 3034 est
1344 2948 1455 3061 ipsrr

139 3087 208 3150 N:
241 3067 359 3149 Reda
388 3066 504 3178 rgitur
547 3091 621 3150 nu
659 3063 780 3148 habet
814 3065 991 3177 proxime
1029 3070 1176 3147 omnes·
1203 3063 1456 3148 conditiones

137 3177 345 3290 requifitas
408 3201 452 3262 ut
506 3177 575 3263 fiat
619 3177 766 3265 chorda
825 3175 934 3262 atcds
1005 3179 1075 3290 qui
1140 3177 1194 3262 est
1250 3177 1454 3288 vestigium

136 3293 387 3398 Trajedloriae
420 3292 634 3379 Cometicae
662 3294 866 3398 interjedlae
897 3294 999 3377 inter
1036 3291 1339 3401 longitudinem
1381 3288 1455 3481 pri-

137 3435 248 3494 mam
284 3431 356 3492 ru
385 3411 425 3488 δι
461 3407 612 3491 tertiam
642 3441 663 3481 τ
698 3429 751 3494 us
784 3411 1047 3520 punciumque
1083 3403 1249 3514 proinde
1283 3428 1308 3484 c
1335 3400 1384 3484 ha
1399 3421 1454 3484 tet

137 3549 285 3606 omnes
326 3520 575 3605 conditiones
619 3545 663 3605 ut
706 3517 774 3603 siat
807 3521 984 3634 proxime
1032 3516 1233 3630 vestigium
1274 3517 1455 3600 Cometae

137 3637 181 3722 in
221 3630 508 3720 Observatione
531 3629 710 3720 secunda.
767 3635 886 3719 Recie
917 3635 1030 3745 igitur
1045 3626 1238 3716 assumitur
1270 3633 1457 3742 pundum

83 3795 86 3806 ·
141 3749 389 3864 evestigium
412 3749 591 3834 Cometae
618 3747 787 3862 (postea
818 3749 978 3861 quidem
1001 3745 1308 3858 corrigendum)
1336 3745 1375 3827 in
1402 3740 1456 3825 di

140 3871 204 3951 oa
231 3865 516 3948 observatione
536 3858 716 3948 secunda.

204 3980 479 4064 Detetminato
505 3982 649 4090 pundo
669 4003 695 4059 c
712 3975 834 4090 primi
851 3975 939 4062 vice
958 3971 1210 4073 assumendo,
1240 3997 1322 4088 quae
1345 3969 1452 4057 dein·
1471 3999 1522 4081 ng.
1537 3999 1567 4061 ιι

138 4093 197 4180 de
223 4089 455 4179 allumuntur
482 4095 621 4202 punda
638 4092 812 4206 (nempe
837 4110 860 4180 2
880 4119 901 4173 c
923 4096 963 4174 δι
988 4116 1052 4200 3yc
1070 4101 1089 4196 )
1112 4116 1192 4174 non
1210 4081 1456 4199 suntabsque

138 4207 457 4295 consideratione
481 4205 739 4296 assumendas
788 4232 861 4290 nec
895 4201 1027 4289 sufficit
1057 4209 1174 4316 Ptop.
1212 4231 1323 4316 ptaec.
1356 4200 1449 4284 data

140 4321 304 4419 cautio,
336 4321 449 4434 quod
464 4347 605 4430 nempe
623 4325 807 4433 pundum
845 4335 868 4408 2
900 4345 925 4400 c
959 4314 1183 4404 sumendum
1209 4319 1254 4403 lit
1290 4317 1449 4429 propius
1565 4353 1577 4374 ν

139 4440 333 4552 pundoe
361 4435 566 4518 cumlinea
598 4459 623 4515 z
651 4435 781 4519 minor
813 4435 1125 4545 aliquemne,
1168 4431 1255 4516 &d
1285 4453 1452 4516 contrat
1569 4473 1572 4480 ·

139 4549 228 4634 Sed
261 4575 350 4632 cum
386 4577 437 4634 co
475 4547 632 4632 tandem
657 4547 944 4632 deveniendum
971 4547 1044 4645 fit,
1083 4569 1126 4629 ut
1146 4571 1211 4627 nr
1242 4547 1314 4629 rite
1342 4542 1456 4626 dosia

141 4664 307 4778 aqualis
337 4659 382 4748 fit
417 4679 601 4775 congruae
641 4661 897 4777 longitudini
923 4689 974 4751 z;
991 4662 1045 4860 pn
1076 4683 1128 4742 rc
1154 4659 1326 4772 capiatur
1354 4679 1459 4858 pun-

939 4779 979 4862 H
1078 4795 1102 4879 3
1354 4793 1458 4876 ,um
