4322 5686
721 550 791 636 ur
864 564 866 568 ·
919 477 1461 618 astronomis
1522 539 1868 618 rursm

495 749 500 754 ,
568 693 697 786 nuru
778 673 843 760 Ad
868 673 1204 763 determinandum
1228 683 1398 790 Tempus
1418 702 1501 792 quo
1528 677 1700 761 Cometa
1714 675 1879 760 Nodum
1903 697 2026 779 tenet,

589 781 640 852 l&
652 789 678 844 ⁴·
719 793 762 877 lit
788 805 838 888 az
868 793 1101 896 Trajestoria
1128 795 1307 876 Cometae
1339 818 1407 903 per
1438 795 1553 903 Prop.
1576 817 1714 875 xxvi.
1746 787 1934 903 descripta
1959 821 2027 906 per

719 915 860 1022 punita
886 963 907 1003 .,
930 912 969 987 &
993 925 1036 1010 ξ,
1081 906 1119 988 in
1151 909 1257 1009 cujus
1287 908 1405 1019 plano
1437 905 1679 1016 reperiuntur
1713 911 1822 988 redrae
1840 936 1857 990 s
1873 950 1917 1002 a,
1948 922 2026 1006 εξ,

718 1023 842 1135 srtque
871 1021 1039 1134 superius
1069 1046 1219 1130 reperta
1250 1020 1464 1106 Nodorum
1495 1019 1613 1104 Linea
1653 1029 1705 1122 (ἢ,
1722 1047 1739 1100 s
1756 1027 1807 1119 ‘ss’
1834 1022 2029 1124 Trajedto·

718 1137 780 1218 riae
804 1137 842 1217 in
872 1148 923 1239 53,
950 1139 989 1216 ἃ
1017 1141 1068 1234 l?
1100 1161 1334 1224 occurrens3
1365 1133 1439 1217 etit
1468 1139 1570 1247 (per
1596 1137 1712 1246 Prop.
1733 1162 1817 1214 xrv.
1843 1135 1927 1216 Lib.
1954 1135 2027 1242 Ι.)

717 1249 963 1334 intervallum
987 1251 1173 1358 temporis
1199 1250 1300 1334 inter
1326 1243 1651 1330 Observationem
1683 1249 1844 1359 primam
1873 1254 1912 1329 δι
1944 1275 2027 1330 mo·

715 1389 891 1452 mentum
916 1363 1077 1477 quando
1108 1368 1281 1446 Cometa
1309 1360 1359 1444 ad
1383 1362 1549 1444 Nodum
1579 1369 1630 1463 st
1656 1359 1817 1472 appellit
1838 1361 1888 1442 ad
1911 1361 2027 1445 inter-

716 1477 865 1560 vallum
903 1477 1089 1587 temporis
1118 1476 1219 1560 inter
1247 1471 1574 1558 Observationem
1607 1474 1768 1584 primam
1794 1476 1836 1555 de
1873 1478 2026 1557 tertiam

717 1616 761 1674 ut
787 1619 876 1675 area
908 1601 994 1693 251,
1014 1620 1032 1674 s
1056 1589 1106 1674 ad
1137 1616 1265 1672 aream
1286 1601 1400 1686 ωξεε
1427 1586 1506 1672 Sed
1538 1613 1711 1672 arearum
1742 1597 1858 1688 ests
1883 1591 1921 1668 ἃ
1951 1602 2028 1687 aza

717 1706 817 1790 ratio
843 1708 895 1788 eil
912 1730 1009 1786 nota
1033 1735 1044 1792 ε
1072 1702 1252 1815 (quippe
1284 1699 1369 1814 ipsa
1396 1730 1490 1789 areae
1520 1702 1685 1812 cognitae
1712 1695 1799 1784 sunt
1832 1729 1881 1786 ex
1910 1701 2026 1810 Prop.

629 1857 633 1868 ·
716 1841 853 1900 xxiv.
883 1814 1094 1898 Archimed.
1121 1814 1164 1898 dc
1199 1812 1389 1935 Qaedrat.
1409 1813 1602 1926 Parth.)
1636 1815 1822 1926 igitur&
1856 1821 2027 1926 Tempus

716 1955 799 2040 quo
825 1934 997 2017 Cometa
1023 1931 1187 2016 Nodum
1209 1941 1260 2031 §u
1286 1953 1405 2014 tenet.
1432 1932 1518 2014 Pari
1537 1930 1661 2012 modo
1686 1925 1891 2011 innotescit
1915 1939 2028 2013 Tem-

714 2069 787 2166 pus
817 2074 900 2166 quo
925 2047 1097 2139 Contra
1124 2043 1177 2134 ad
1202 2043 1368 2148 Nodum
1396 2043 1559 2128 alterum
1588 2051 1639 2143 υ)
1660 2041 1833 2156 appellit.
1852 2046 1966 2156 QE.
1985 2047 2024 2127 F.

954 2233 1502 2330 PROPOSITIO
1584 2235 1809 2322 XXIX.

588 2520 603 2536 υ
632 2499 639 2517 .
671 2495 679 2518 .
718 2423 1002 2512 Inclinationem
1024 2431 1135 2540 plani
1165 2423 1393 2537 Trajeiioric
1431 2419 1576 2509 amm
1604 2425 1660 2508 ad
1680 2428 1837 2538 planum
1866 2421 2024 2540 Eclipti·¹

767 2570 811 2622 ιι
838 2544 1098 2629 determinare.

706 2759 756 2931 1-
767 2729 893 2821 Isdem
917 2735 1197 2836 manentibus,
1236 2764 1286 2822 ex
1305 2737 1500 2847 punsloo
1532 2734 1580 2821 ad
1606 2741 1699 2836 iis
1727 2743 1778 2837 §l
1809 2733 2021 2821 Nodorurn

602 2855 607 2880 ¹
767 2851 927 2936 lineam
955 2851 1118 2936 ducatur
1141 2849 1468 2964 perpendicularis
1500 2875 1530 2934 o
1556 2857 1640 2950 lif,
1666 2851 1902 2962 &jungatur
1922 2858 2018 2950 uis.

706 2961 754 3048 ln
780 2964 974 3076 triangulo
1000 2971 1124 3065 osis
1150 2988 1285 3074 praeter
1310 2969 1454 3048 redlutn
1482 2963 1533 3049 ad
1555 2971 1606 3064 l?
1639 2961 1780 3046 dantur
1807 2971 1887 3071 (ex
1906 2969 2019 3074 Prop.

706 3079 858 3188 praec.)
889 3080 1050 3190 angulus
1082 3107 1141 3162 os
1160 3086 1210 3178 ‘ll'
1241 3079 1405 3162 &latus
1435 3105 1515 3169 osa
1548 3071 1755 3168 innotescit
1772 3077 1887 3188 igitur
1918 3083 2016 3177 οἷς.

706 3191 755 3276 ln
786 3193 978 3304 triangulo
1016 3191 1158 3278 deinde
1190 3192 1413 3304 reilangulo
1439 3198 1567 3292 ooli
1605 3192 1746 3276 dantur
1773 3193 1895 3277 latera
1923 3193 2020 3274 circa

706 3309 852 3389 retium
878 3328 941 3390 ου
968 3310 1059 3392 &0
1089 3315 1160 3407 Ur
1184 3312 1225 3391 δι
1249 3307 1416 3419 proinde
1435 3330 1552 3392 notus
1581 3307 1653 3391 erit
1682 3305 1843 3418 angulus
1871 3312 2016 3403 οπο,

705 3421 774 3529 qui
801 3421 904 3532 (per
931 3417 1024 3526 Des.
1044 3432 1083 3507 ό.
1111 3419 1174 3504 ΕΙ.
1200 3447 1264 3506 xl.
1284 3431 1304 3529 )
1339 3421 1392 3507 est
1416 3420 1622 3507 Inclinatio
1647 3419 1755 3536 plani
1780 3419 2016 3527 Trajeuoriae

705 3531 759 3616 ad
781 3535 941 3646 planum
968 3536 1179 3648 Eclipticae.

934 3681 1743 3820 pronos1r1o'xxn

549 3913 612 3978 Μ·
626 3929 691 3984 xtr.
708 3907 934 4026 Trajelioriae
968 3913 1114 4001 [imetae
1146 3917 1271 4002 Latus
1299 3924 1439 4004 redium
1467 3922 1704 4030 principale,
1749 3895 2011 4007 Parthenon,

557 4004 629 4123 ,⁵⁶⁸¹
642 4018 666 4065 ¹⁸
768 4029 986 4148 Tempusque
1019 4064 1089 4147 quo
1119 4031 1266 4120 Cometa
1301 4042 1345 4119 iu
1389 4033 1580 4118 Parihelio
1603 4033 1807 4147 verſsttur,
1849 4041 2012 4122 determi-

764 4175 867 4232 nare.

821 4342 912 4423 Oco
931 4370 950 4426 s
972 4371 1040 4456 per
1059 4345 1197 4454 punita
1218 4348 1335 4460 adr!
1359 4339 1594 4429 describatur
1613 4341 1847 4449 Trajestoria
1867 4345 2009 4430 Come·

813 4480 858 4538 tae
893 4485 961 4569 per
992 4461 1105 4571 Prop.
1133 4484 1275 4550 xxrvt
1295 4483 1433 4544 centro
1462 4485 1481 4542 s
1518 4456 1757 4572 perborum
1786 4455 2008 4544 ilterutrum

704 4575 727 4676 l
738 4593 833 4682 puta
863 4611 886 4654 υ
898 4585 921 4682 )
946 4567 1181 4664 describatur
1205 4575 1370 4665 circulus
1396 4569 1637 4682 Trajeooriae
1661 4572 1795 4662 denuo
1819 4573 1862 4656 in
1893 4601 1921 4653 v
1944 4599 2010 4656 oc-

1838 4709 2009 4777 (Uitellii
