4376 5694
592 748 594 751 ¹
726 615 794 749 522'
882 593 1867 735 ''nsrnonromrarursrca
1956 649 1958 652 ’

537 781 604 920 ⁷02:
627 777 710 913 ¹³³³·
726 797 764 878 Si
807 817 883 878 ot
922 791 990 909 ipst
1039 792 1224 878 dictarum
1255 793 1638 877 Semidiametrorum
1682 789 1833 880 summae
1880 793 2035 910 aqualis

596 880 630 938 ἐ’
666 898 673 915 ’
732 909 846 994 fuerit
880 965 892 1005 ‚
943 911 1053 992 Luna
1080 907 1275 992 Umbram
1311 908 1514 1018 continget
1555 906 1752 1021 quidem,
1795 936 1867 994 nec
1907 933 2033 994 tamen

731 1025 838 1106 illam
862 1016 1090 1105 subintrabit
1119 1044 1186 1104 aut
1223 1021 1392 1108 deficiet.
1449 1024 1490 1106 Si
1515 1049 1624 1107 arcus
1659 1043 1729 1106 οι
1765 1023 1891 1107 minor
1909 1021 1954 1105 stt
1970 1051 2033 1136 ag·

726 1131 891 1250 ‘gregato
917 1137 1299 1220 Semidiametrorum
1333 1138 1497 1220 Umbrae
1522 1143 1561 1220 δι
1592 1140 1733 1232 Lunae,
1765 1140 1887 1243 major
1902 1163 2031 1220 tamen

730 1277 848 1362 quam
873 1250 1024 1334 illarum
1053 1251 1325 1350 intervallum,
1359 1252 1439 1360 (ut
1464 1253 1504 1334 in
1527 1249 1593 1363 fig.
1625 1269 1664 1338 2.
1685 1249 1703 1360 l
1721 1254 1832 1334 Luna
1855 1249 2028 1340 deficiett

728 1361 915 1449 Defectus
956 1391 1086 1447 tamen
1128 1395 1209 1450 non
1243 1368 1318 1450 erit
1347 1367 1521 1463 Totalis,
1561 1363 1627 1448 led
1653 1367 1824 1448 Partialis
1857 1389 1921 1448 tot
1962 1363 2031 1446 Di.

709 1479 900 1588 'gitorum
931 1505 1033 1590 quot
1060 1481 1199 1564 Unciae
1229 1482 1420 1565 Diametri
1445 1481 1605 1566 Lunaris
1633 1473 1740 1585 Disci
1768 1481 1808 1580 in
1837 1479 2030 1562 Umbram

729 1591 1019 1703 immerguntur.
1079 1594 1119 1675 Si
1155 1620 1252 1678 veto
1283 1595 1480 1706 praedietus
1509 1621 1620 1678 arcus
1649 1619 1723 1678 οι
1751 1591 1818 1704 ipfi
1847 1593 2030 1706 alietatum

724 1705 1111 1808 ‘semidiametrorum
1158 1708 1365 1793 intervallo
1410 1733 1613 1822 aquetur,
1663 1703 1847 1794 Defectus
1881 1705 2030 1791 Totalis

634 1836 638 1845 ‘
725 1819 888 1929 'quidem
928 1826 1026 1920 erit,
1074 1845 1115 1908 at
1148 1821 1226 1924 fine
1269 1827 1414 1910 Morar
1452 1823 1751 1936 Qtamprimum
1788 1823 1890 1904 enim
1919 1823 2028 1903 Luna

723 1954 811 2016 tota
843 1936 882 2016 in
899 1935 1093 2019 Umbram
1119 1936 1386 2048 immergitur,
1428 1939 1570 2024 Lunari
1587 1933 1706 2021 Disco
1725 1935 1909 2019 circulum
1930 1935 2029 2015 Um.

677 2147 681 2154 ⁴
723 2043 881 2132 brosum
912 2051 1070 2134 interius
1088 2050 1366 2164 contingente,
1402 2055 1511 2138 Luna
1537 2052 1699 2138 ulterius
1725 2049 1922 2162 paululum
1938 2073 2029 2160 pro·

724 2161 843 2272 grella
875 2161 1007 2248 denuo
1039 2192 1238 2276 emergere
1266 2167 1390 2250 statim
1415 2165 1590 2280 incipiet.
1649 2162 1773 2267 Quod
1805 2160 1831 2244 st
1861 2186 1933 2244 οι
1969 2187 2027 2244 at·

719 2302 793 2376 >eus
813 2276 946 2390 'minor
974 2277 1019 2360 fit
1051 2307 1168 2389 quam
1202 2278 1420 2390 praedifiium
1453 2277 1835 2366 Semidiametrorum
1868 2275 2027 2360 Umbra

724 2389 766 2470 ἃ
800 2391 912 2473 lunae
943 2390 1216 2490 intervallum,
1248 2417 1333 2477 rum
1356 2397 1504 2504 integra
1530 2396 1639 2477 Luna
1664 2389 1705 2476 in
1735 2390 1930 2474 Umbram
1958 2390 2027 2471 im-

721 2529 943 2616 mergetur,
964 2503 1094 2620 aliqua
1122 2508 1282 2593 Umbrae
1300 2532 1410 2620 parte
1433 2509 1534 2594 ultra
1544 2511 1693 2592 Lunam
1723 2499 1923 2618 protensa,
1947 2503 2026 2614 (ut

715 2617 760 2706 'tn
793 2617 857 2728 fig.
886 2621 988 2726 33)
1028 2617 1134 2705 unde
1157 2651 1239 2708 non
1274 2618 1398 2704 solum
1437 2619 1588 2708 Totalis
1624 2621 1698 2703 erit
1735 2623 1850 2704 Lunae
1886 2616 2026 2703 Defec-

723 2753 815 2840 pus,
851 2724 918 2814 sed
948 2735 1174 2844 aliquandiu
1207 2733 1391 2826 durabitr
1423 2733 1503 2819 hoc
1540 2735 1619 2834 est,
1656 2735 1728 2817 erit
1757 2733 1907 2817 Totalis
1938 2759 2024 2816 cum

718 2843 862 2958 blora,
890 2847 1042 2948 -majloti
1071 2846 1229 2957 quide-m
1253 2870 1320 2935 aut
1343 2847 1497 2931 minore
1536 2876 1609 2959 pro
1645 2845 1755 2932 arcels
1782 2871 1810 2929 o
1829 2873 1856 2929 1.
1881 2842 2025 2958 magni-

718 2953 879 3054 tudine,
913 2961 1077 3050 Umbrae
1107 2959 1264 3045 crallttie
1300 2963 1498 3076 lunaeque
1530 2963 1754 3047 velocitate.

773 3072 1002 3176 Qomodo
1040 3101 1138 3158 vero
1172 3073 1283 3161 arcus
1307 3101 1382 3161 ot
1411 3075 1456 3160 fit
1480 3075 1766 3173 inveniendus,
1801 3073 1850 3160 lic
1889 3093 2021 3188 patet:

801 3186 994 3300 triangulo
1029 3181 1213 3299 sphaerico
1238 3201 1290 3292 §b
1308 3215 1376 3274 01³
1404 3193 1623 3304 reclangulo
1649 3191 1700 3274 ad
1717 3215 1774 3288 0,
1800 3190 1913 3302 datur
1930 3197 2020 3290 „sto

711 3297 885 3411 distantia
904 3303 1017 3386 Nodi
1035 3301 1072 3388 'l
1099 3306 1242 3416 puncto
1263 3304 1347 3388 Soli
1374 3303 1592 3416 oppostto,
1625 3306 1785 3418 angulus
1812 3301 1863 3386 ad
1896 3312 1947 3404 οη,
1963 3303 2023 3383 ln·

711 3413 871 3503 clinatio
904 3418 992 3502 utae
1023 3415 1182 3500 Lunaris
1208 3418 1259 3502 ad
1299 3418 1527 3531 Eclipticam
1553 3445 1731 3532 tempore
1766 3417 2020 3522 eonjunctio-

712 3526 772 3608 r'tis
789 3583 809 3622 ,,
838 3525 944 3614 unde
963 3531 1220 3620 invenientur
1254 3535 1414 3644 angulus
1442 3531 1493 3616 ad
1528 3559 1548 3616 r>
1582 3537 1623 3614 δι
1661 3535 1760 3617 latus
1788 3545 1869 3615 o't‘.
1929 3531 2024 3613 Rur-

706 3631 770 3725 sus
785 3697 800 3737 ‚
843 3638 884 3722 in
912 3642 1110 3754 triangulo
1146 3668 1212 3729 1²0
1231 3669 1263 3739 L,
1293 3673 1428 3759 praetet
1453 3651 1597 3730 rectum
1628 3648 1679 3730 ad
1714 3675 1740 3730 r„
1772 3646 1913 3729 dantur
1941 3671 2023 3727 mo·

650 3775 654 3784 ·
709 3749 764 3836 do
795 3755 957 3840 inventa
999 3759 1097 3842 latus
1124 3763 1164 3840 &
1207 3763 1394 3871 angulus,
1434 3761 1539 3842 unde
1567 3788 1633 3843 ot
1664 3765 1702 3844 &
1728 3771 1794 3843 t'r.
1827 3783 2020 3842 eruentur.

716 3867 993 3978 ¹promptissime
1023 3901 1157 3960 *autem
1185 3873 1379 3957 invenitur
1410 3904 1437 3958 o
1464 3900 1488 3958 L
1521 3903 1569 3956 ex
1598 3873 1757 3958 Tabulis
1793 3869 2021 3956 latitudinis

717 3981 858 4084 Lunae,
903 3985 1095 4093 capiendo
1123 3985 1239 4076 ¹illum
1274 3991 1462 4102 :equalem
1496 3988 1707 4071 Latitudini
1738 3985 1788 4070 ad
1822 4011 2021 4097 argumen-

711 4115 792 4202 tum
820 4097 1046 4180 latitudinis
1073 4101 1221 4210 aequale
1239 4100 1309 4208 ipsi
1338 4113 1388 4204 53,
1415 4131 1467 4183 0:
1516 4103 1621 4184 Nam
1638 4100 1766 4212 posito
1791 4111 1879 4204 lla
1896 4127 2020 4212 acqua·

708 4201 737 4285 li
765 4216 815 4304 tl,
851 4239 876 4290 0
918 4234 1026 4319 paret
1061 4256 1118 4306 ωλ
1149 4241 1279 4297 arcum
1314 4217 1365 4300 ad
1397 4214 1625 4329 Eclipticam
1661 4217 2020 4327 perpendicularem
2065 4228 2074 4246 ·

708 4319 897 4429 aequalem
936 4319 1010 4408 elle
1046 4326 1151 4407 arcui
1187 4353 1295 4420 ott
1346 4334 1386 4413 in
1423 4329 1621 4442 triangulis
1653 4331 1798 4413 etenim
1833 4357 1860 4410 ο
1882 4353 1907 4410 ι
1930 4337 2022 4428 52„

706 4473 764 4526 ot
788 4443 837 4534 53,
872 4465 1117 4523 communem
1134 4443 1316 4550 angulum
1348 4446 1398 4529 ad
1417 4455 1468 4546 §a
1502 4441 1735 4528 habentibus
1764 4441 1896 4528 omnia
1935 4437 2019 4523 sunt

715 4547 890 4658 aequalia.
917 4553 1063 4660 Porro,
1102 4553 1153 4638 ad
1170 4561 1341 4666 Tempus
1362 4559 1565 4646 Plenilunii
1589 4553 1697 4672 supra
1721 4558 1925 4641 inventum
1953 4551 2020 4636 da-

713 4681 775 4746 tur
800 4661 819 4772 (
832 4692 901 4776 per
926 4667 1042 4782 Prop.
1071 4666 1229 4782 xxxu.)
1249 4675 1374 4789 ,Luna
1396 4672 1694 4762 vSemidiametet
1715 4694 1933 4790 apparens,
1978 4672 2019 4748 &

1226 4791 1230 4802 ‘
1909 4787 2015 4894 (per

602 3139 656 3216 ᾖξ’
675 3153 703 3215 ³⁰
718 3183 771 3267 *ln
