4336 5692
712 605 785 678 coo
927 581 1460 666 ASTRONOMIAE
1506 579 1845 664 ΡΗ-ΠῙΜ

715 751 854 834 neret,
890 729 1034 815 indicio
1054 727 1108 811 est
1135 727 1245 812 illum
1270 721 1367 812 nulli
1401 725 1586 839 parabarii
1616 725 1760 812 diomae
1785 717 1862 811 esse
1898 719 2021 814 omo

718 850 847 935 xium:
881 847 988 930 Nam
1012 842 1106 926 dum
1127 843 1338 926 Horizonti
1371 844 1616 954 propinquus
1649 841 1705 925 cst
1745 899 1760 942 ,
1795 840 1827 923 sr·
1848 838 2025 954 diuapn

724 959 856 1048 rallaxi
884 955 1098 1043 afficeretur
1132 1014 1145 1054 ‚
1186 951 1347 1040 inferior
1378 979 1582 1068 appareret
1610 957 1709 1038 inter
1743 954 1892 1037 vicinas
1922 957 2028 1038 Fixas

727 1102 812 1189 quac
841 1073 988 1156 nullam
1024 1066 1261 1182 patiuntura
1306 1068 1488 1179 adeoque
1518 1070 1569 1154 ad
1599 1075 1740 1152 Ortum
1770 1095 1933 1180 vergens
1950 1069 2032 1152 Co

730 1213 834 1276 meta
862 1185 1089 1272 oriental'or
1127 1179 1141 1282 ,'
1188 1180 1239 1264 ad
1280 1179 1469 1268 occasum
1498 1183 1780 1268 occidentalior
1814 1208 1931 1292 quarn
1963 1211 2036 1293 pro

735 1305 847 1388 Loco
874 1328 922 1384 ex
964 1296 1157 1408 prioribus
1192 1290 1541 1381 observationibus
1576 1296 1636 1379 isti
1676 1297 1861 1406 temporis
1893 1299 2035 1408 puncto

733 1441 909 1524 congruo
939 1435 1172 1494 temeretur.
1232 1413 1380 1522 Neque
1417 1410 1559 1494 modus
1583 1409 1646 1491 bic
1671 1407 2034 1520 refradionisSyde·

733 1557 818 1614 rum
845 1523 1110 1610 incertitudini
1135 1517 1305 1628 subjacet
1319 1556 1331 1615 3
1359 1551 1449 1606 nam
1473 1525 1732 1638 proximarum
1757 1522 1958 1605 Stellarum
1976 1551 2034 1606 ea·

735 1641 826 1725 dem
867 1639 1162 1750 quamproxime
1195 1637 1250 1719 est
1294 1635 1473 1721 refractio
1505 1665 1590 1749 quae
1613 1638 1802 1719 Cometa.
1850 1637 2034 1719 Omnium

736 1779 840 1844 vero.
857 1749 1161 1836 commodissime
1189 1743 1422 1836 observatio
1452 1751 1533 1835 haec
1560 1749 1792 1846 instituitur,
1824 1745 2035 1832 srinvenia·

738 1891 801 1954 tur
826 1868 955 1951 Locus
987 1891 1101 1947 uerus
1130 1859 1310 1948 Comet'ae
1331 1865 1373 1946 in
1407 1869 1507 1948 recia
1539 1867 1636 1950 inter
1666 1864 1781 1946 binas
1808 1860 1917 1944 Fixas
1939 1861 2027 1946 duc·
2153 1910 2154 1946 r

739 2006 812 2078 ta,
846 1979 966 2063 itaut
996 1979 1094 2060 Fixae
1114 1979 1174 2062 hae
1207 2003 1293 2063 tum
1321 1980 1507 2092 temporis
1530 1979 1582 2062 ad
1610 2001 1769 2090 parvam
1789 1971 1898 2088 supra
1914 1978 2025 2058 Horia

739 2116 899 2178 zontem
935 2091 1181 2176 altitudinem
1216 2091 1259 2174 in
1300 2092 1442 2177 eodem
1472 2088 1778 2222 Almicantaratb
1810 2113 1878 2222 aut
1909 2115 2028 2202 prope

740 2205 1619 2431 {icfffitbn’rbirabb‘gdbbb
1642 2201 2028 2426 &bibitis

739 2431 956 2517 videntur:
1010 2433 1117 2513 Nam
1144 2430 1173 2513 sr
1201 2433 1373 2516 Cometa
1401 2430 1584 2544 parallaxi
1610 2430 1758 2514 diurna
1784 2423 2030 2530 subjiciatur,
2154 2455 2155 2462 ¹

742 2569 851 2632 extra
879 2549 1020 2628 retiam
1045 2544 1145 2628 banc
1168 2549 1208 2626 dc
1230 2548 1437 2629 Horizonti
1451 2546 1612 2658 propior
1642 2541 1869 2629 videbiturr
1894 2539 1950 2627 srn
1966 2544 2029 2629 ali.

742 2683 828 2756 ter,
853 2660 892 2740 in
923 2664 1024 2741 reda
1055 2687 1144 2741 cum
1178 2659 1286 2742 Finis⁴
1303 2659 1517 2743 etiamnum·
1549 2658 1791 2770 ‘apparebita‘

800 2775 1055 2854 Cometatum
1068 2767 1177 2854 sedes
1200 2767 1452 2879 supralunaris
1472 2772 1630 2858 ulterius
1645 2769 1899 2854 confirmatur
1927 2772 2028 2856 exin·

744 2883 795 2966 de
818 2881 928 2995 quod
959 2886 1132 2967 Cometa
1154 2882 1263 2966 Anni
1293 2893 1405 2975 1680
1425 2877 1650 2969 observatus
1677 2880 1793 2968 fuerit
1821 2883 1845 2966 a
1877 2880 1935 2967 D.
1951 2881 2032 2992 Cast

663 3065 665 3070 ,
732 2996 812 3102 stoi
852 3015 905 3084 22
939 3019 1005 3078 aut
1035 3012 1090 3096 23
1112 3017 1263 3078 tantum
1293 2995 1474 3108 gradibus
1496 2994 1519 3080 ὲ
1542 2998 1636 3082 Sole
1666 2997 1802 3080 eridano
1818 3053 1832 3096 ,
1872 3002 1913 3081 dt
1942 3002 2033 3086 inte·

746 3110 817 3192 tim
840 3109 958 3220 pieno
995 3107 1108 3190 Orbe
1140 3105 1325 3220 fulgens,
1347 3109 1458 3222 qnod
1488 3111 1591 3224 prius
1621 3109 1671 3195 d'e
1695 3111 1867 3194 Cometa
1891 3113 1994 3225 quia

747 3223 873 3336 paruit
886 3216 1021 3306 Mense
1042 3219 1187 3330 Aprilis
1213 3223 1335 3306 Anno
1366 3234 1442 3312 {66
1450 3247 1471 3331 5
1500 3226 1617 3312 eriam
1649 3248 1891 3316 notaverat,·
1931 3141 2034 3312 und:

747 3359 855 3422 cetto
885 3333 1132 3418 concluditur
1156 3392 1187 3432 ,.
1216 3337 1281 3418 vel
1303 3339 1493 3421 Cometas
1521 3340 1610 3420 istos
1637 3361 1719 3421 rnm
1744 3339 1928 3450 temporis
1959 3367 2036 3423 non
2155 3331 2156 3366 ³

730 3470 894 3542 tantum
920 3444 1029 3531 Luni
1052 3441 1118 3529 sed
1142 3450 1298 3532 &Sole
1327 3448 1435 3534 fuine
1459 3447 1670 3562 superiores
1697 3508 1711 3547 ‚
1743 3457 1863 3552 (cum
1885 3457 2037 3537 Mercu·

748 3561 824 3646 rius
851 3565 890 3642 dc
930 3566 1059 3644 Venus
1087 3561 1127 3643 in
1161 3560 1205 3644 ea
1231 3559 1253 3662 ὲ
1278 3563 1372 3646 Sole
1395 3561 1569 3648 distantia
1598 3586 1807 3676 apparente
1829 3565 1947 3676 pleno
1966 3573 2037 3650 Or·

747 3671 799 3755 be
837 3699 918 3758 non
944 3672 1116 3783 fuigeaqt
1137 3673 1214 3788 nifi
1244 3673 1340 3760 tales
1369 3673 1570 3790 firerinta)
1598 3681 1662 3760 vel
1688 3679 1778 3762 iilos
1807 3676 1881 3763 effe
1896 3708 2037 3793 corpo·

745 3809 787 3868 ra
818 3785 946 3871 lucida
980 3785 1098 3897 ipfius
1131 3787 1233 3870 Solis
1275 3813 1343 3873 aut
1379 3792 1553 3875 Fixarum
1591 3791 1744 3891 instar,
1801 3817 1868 3876 aut
1901 3789 2035 3880 saltem

612 3934 615 3945 ¹
744 3899 936 4009 pellucido
952 3903 991 3979 δι
1018 3901 1118 3982 Solia
1146 3900 1274 3983 radios
1301 3897 1617 4002 tranfinittentia,
1645 3902 1756 4016 quod
1775 3903 1942 3989 de'tam
1957 3937 2035 3992 ma-

743 4009 828 4119 gnis
858 4013 1086 4122 corporibus
1116 4013 1398 4114 vindicetur,
1447 4045 1535 4100 cum
1568 4017 1731 4100 Macula
1758 4017 1912 4100 Solares
1949 4047 2037 4105 utut

739 4149 830 4204 rarae
866 4149 1023 4208 texturae
1052 4151 1183 4232 opacae
1217 4123 1303 4208 satis
1355 4129 1441 4210 sint.
1496 4133 1687 4216 Cometas
1725 4157 1821 4214 veto
1844 4127 1922 4214 effe
1956 4163 2036 4218 cor·

737 4261 837 4372 pora
858 4263 983 4348 opaca
1002 4266 1057 4322 ex
1080 4239 1248 4366 Umbris¹
1264 4267 1365 4354 quas.
1393 4245 1604 4354 projiciunt
1617 4242 1838 4332 ostendetur
1859 4242 2040 4334 iuferius.

1878 4706 1961 4794 Η
1983 4711 2038 4791 Ο.
