4376 5694
261 596 740 728 &teotrewcae
767 647 1125 731 ELBMENTA.
1146 653 1248 731 [τι.
1272 657 1344 732 JV.
1420 677 1497 751 527⁴

185 777 341 865 Eodem
376 780 474 892 polo
501 777 734 868 describatur
761 779 859 866 astet
889 778 1052 867 circulus
1077 811 1106 866 x
1122 811 1185 866 ru
1213 779 1397 871 umbroso
1422 789 1493 869 cir.
1515 755 1668 912 ''ff“
1794 761 1799 770 ’

182 894 275 978 culo
309 897 507 992 exterior,
544 896 601 980 ita
630 921 674 989 ut
702 895 878 978 distantia
915 921 993 978 ac
1027 897 1128 981 inter
1152 900 1292 983 horum
1328 901 1488 983 circum-

17 1081 24 1092 .
179 1003 362 1090 serentias
387 1033 561 1120 aequetur
578 1009 873 1094 Semidiametro
881 1011 998 1094 Lunae
1009 1011 1220 1122 apparenti.
1279 1013 1428 1096 Circuli
1445 1011 1487 1096 hi

177 1142 386 1203 occurrant
413 1123 494 1204 Viae
517 1123 662 1207 Lunati
686 1123 725 1202 in
741 1147 788 1214 n,
806 1146 853 1220 u,
868 1146 908 1219 n,
922 1148 959 1205 n.
1010 1124 1052 1208 Si
1072 1133 1156 1224 ste
1181 1151 1262 1206 non
1284 1120 1385 1209 secat
1412 1127 1482 1210 cir·

179 1233 309 1316 culum
341 1257 457 1332 arn,
504 1234 612 1318 nulla
641 1235 714 1318 erit
756 1233 912 1347 Eciipsrs
950 1261 1021 1346 per
1060 1262 1177 1345 praec..
1201 1239 1319 1320 Dudi
1338 1239 1480 1321 intelli·
1542 1247 1552 1288 ¹

175 1369 319 1456 gantur
352 1373 461 1430 arcus
503 1349 737 1432 circulorum
771 1351 1027 1432 maximorum
1059 1373 1175 1447 on,
1220 1373 1295 1432 ox
1332 1352 1479 1434 circulo

174 1481 205 1540 o
224 1483 293 1570 eo⁸
317 1461 358 1543 in
376 1486 400 1542 e
421 1465 463 1543 δι
487 1485 516 1544 o
538 1483 787 1544 occurrentes
811 1463 942 1551 sitem
971 1463 1135 1545 circulus
1152 1461 1382 1546 Latitudinis
1415 1487 1476 1546 or·
1537 1461 1542 1468 “

170 1573 255 1656 Viae
282 1571 400 1656 Lunae
433 1574 526 1656 int>-
548 1599 786 1671 occurrens,
820 1599 868 1657 ut
895 1575 1011 1685 ptius.
1078 1574 1120 1656 Si
1153 1601 1223 1685 per
1249 1603 1277 1658 o
1313 1576 1477 1660 ducatur
1589 1605 1591 1610 ·

168 1709 271 1769 our
304 1711 414 1773 arcus
450 1686 582 1771 circuli
620 1685 776 1770 maximi
821 1684 1146 1799 perpendicularis
1193 1686 1246 1769 ad
1292 1688 1476 1772 circulum

166 1807 223 1902 ξι,
240 1823 289 1898 23
312 1799 369 1884 itti
397 1803 440 1884 in
466 1829 493 1886 u
522 1825 755 1914 occurrensr
801 1823 914 1884 erunt
937 1798 1019 1909 (ex
1050 1795 1235 1880 Elem.
1262 1792 1433 1906 Spbaric.
1446 1799 1501 1912 )'.

160 1939 281 1996 arcus
308 1939 403 2012 nu,
433 1939 510 1996 nx
524 1970 540 2011 ,
570 1914 666 1998 item
691 1939 791 2012 um,
819 1937 891 1996 tu
914 1912 1094 2022 aequales.
1144 1909 1345 2024 Adeoque
1363 1915 1474 2004 Luna

163 2032 322 2139 (quam
347 2025 508 2138 -Eclipfis
530 2050 610 2111 tem
640 2052 709 2109 ote
738 2025 980 2138 aequabiliter
1007 2025 1161 2108 moveri
1185 2021 1469 2137 supponimus)

161 2161 318 2223 tantum
337 2140 524 2251 temporis
555 2056 715 2222 insinuit·
728 2137 928 2251 pergendo
948 2137 999 2222 ab
1022 2165 1049 2218 n
1086 2136 1137 2220 ad
1160 2163 1184 2220 L
1208 2163 1395 2250 quantum
1416 2141 1468 2225 ab
1617 2197 1619 2204 ‹

163 2277 191 2333 τ,
221 2250 274 2336 ad
296 2279 337 2334 n.
391 2253 550 2335 Centris
575 2249 655 2335 srve
686 2251 789 2362 posis
818 2277 938 2351 m,
966 2250 1156 2335 distantiis
1184 2276 1274 2349 tro,
1300 2275 1372 2334 ro
1401 2252 1469 2338 de.

159 2359 291 2476 scripti
312 2363 719 2478 intelligantur‘circuli
735 2422 757 2462 ‚t
777 2365 846 2478 qui
874 2367 1023 2450 [uuam
1044 2364 1118 2449 tite
1142 2362 1310 2449 referent
1335 2367 1355 2472 (
1379 2389 1467 2450 cum

160 2501 229 2560 rc
260 2477 305 2562 stt
340 2476 391 2562 ad
421 2503 502 2592 ,oc
537 2501 581 2560 ut
592 2477 886 2589 Semidiameter
915 2481 1033 2563 Ltmae
1055 2477 1106 2561 ad
1129 2475 1465 2563 Semidiametrum
1690 2575 1694 2582 ,
1814 2579 1819 2586 ,

158 2589 367 2692 Umbra)
407 2591 716 2704 contingentque
742 2591 927 2675 circulum
959 2615 1093 2687 nco,
1126 2611 1220 2701 puta
1240 2591 1280 2672 in
1313 2594 1399 2672 c&
1418 2618 1463 2675 o.
1550 2681 1552 2684 ,

157 2703 279 2788 Lunae
298 2725 444 2786 eentro
473 2709 654 2816 punitum
679 2731 706 2784 x
733 2704 940 2788 obtinente
970 2701 1126 2814 Feiipsrs
1151 2703 1269 2786 Lunae
1300 2702 1461 2813 incipit,

112 2857 116 2864 ·
153 2814 338 2930 (quippe
355 2817 469 2902 Lunae
496 2815 640 2898 limbus
656 2816 820 2899 Umbrae
853 2815 1016 2898 limbum
1038 2815 1079 2896 in
1109 2839 1134 2895 c
1160 2815 1340 2926 attingit,
1364 2814 1382 2920 )
1419 2820 1462 2900 dt
1601 2917 1605 2926 Δ

147 2953 295 3014 centro
317 2929 398 3012 hoc
418 2927 469 3012 ad
500 2953 522 3010 u
548 2924 742 3039 progresso
774 2927 905 3012 sinitur
937 2923 1093 3038 Eciipfis
1126 2925 1181 3008 ob
1211 2927 1376 3011 eandem
1400 2953 1459 3012 ta·
1566 3001 1570 3010 ,

152 3043 336 3132 tionems
379 3045 432 3124 dt·
453 3041 568 3152 igitur
600 3041 755 3156 Eclipsrs
775 3042 877 3127 isiius
901 3036 1238 3126 Meditunincidit
1260 3039 1354 3123 dum
1380 3043 1458 3124 Lu.

13 3249 18 3264 ,
151 3181 211 3239 nae
238 3179 416 3238 centrum
452 3159 634 3266 pundum
655 3182 680 3237 n
705 3175 843 3254 tenet,
888 3154 994 3238 idem
1021 3178 1164 3262 nempe
1198 3153 1374 3266 proxime
1412 3156 1478 3239 in·

150 3295 237 3380 quo
273 3261 449 3351 versante
477 3291 613 3352 centro
640 3271 788 3352 Lunam
806 3269 986 3355 omnium
1011 3265 1178 3349 maxime
1200 3265 1240 3348 in
1259 3265 1453 3351 Umbram
1566 3315 1572 3329 ·

150 3379 329 3493 immergi
363 3385 478 3490 Prop.
507 3405 618 3490 praec·
650 3375 841 3464 ostensum
865 3383 930 3464 esi.
989 3378 1250 3490 Similiterque
1276 3378 1454 3462 ostende.

150 3519 237 3578 mus
260 3501 457 3605 Tempus,
478 3519 560 3604 quo
584 3494 701 3575 Lunx
733 3515 908 3576 centrum
941 3495 1123 3604 pundum
1147 3491 1378 3602 restringit,
1411 3491 1452 3576 in

148 3605 363 3720 Eclipsxbus
389 3605 576 3714 totalibus
596 3603 671 3688 esse
685 3605 855 3690 medium
876 3605 1167 3690 Obscurationis
1183 3606 1452 3718 totalis‚quan·

149 3719 206 3802 do
224 3721 374 3830 integra
393 3721 501 3802 Luna
518 3719 559 3800 in
583 3716 777 3800 Umbram
804 3717 1041 3830 immergitur
1060 3747 1072 3806 r
1096 3739 1140 3799 ut
1157 3717 1282 3799 verbo
1301 3718 1454 3815 dicam,

149 3829 225 3917 esse
245 3832 418 3916 medium
450 3827 626 3914 transrtds
651 3830 775 3914 cen-tri
798 3833 915 3914 Lunae
941 3830 996 3914 ab
1022 3851 1052 3912 u
1072 3826 1123 3911 ad
1146 3854 1176 3910 n
1208 3886 1223 3927 ,
1263 3829 1355 3940 quia
1389 3851 1454 3913 ut.

147 3946 425 4059 aequalitem.
484 3941 598 4025 Nodi
630 3946 759 4027 Locus
787 3947 828 4026 dt
848 3941 1034 4026 ⁴simitum
1068 3941 1274 4025 Itrclinatio
1292 3969 1364 4055 pto
1385 3943 1454 4026 im·

148 4059 309 4144 mutatis
334 4059 558 4153 habentur,
581 4082 663 4140 non
678 4051 799 4140 solum
823 4077 987 4167 propter
1011 4051 1242 4164 parvitatem
1264 4055 1453 4166 temporis

146 4200 233 4284 quo
259 4169 417 4281 Eclipsrs
448 4169 585 4269 durat,
609 4163 673 4252 sed
696 4169 817 4280 quod
835 4167 970 4252 Nodis
996 4167 1036 4249 in
1062 4166 1237 4281 Syzygiis
1269 4193 1357 4251 cum
1381 4170 1453 4253 So·
1580 4270 1584 4278 Ι

146 4285 186 4368 le
211 4281 451 4369 versantibus
471 4283 553 4366 haec
572 4309 667 4367 vete
682 4281 884 4367 immutata
909 4305 1099 4376 manent,
1119 4307 1189 4392 per
1204 4283 1347 4394 Ptopp.
1374 4283 1453 4364 'xrv

145 4402 187 4480 de
219 4421 300 4479 xv.
359 4395 564 4480 Problema
590 4397 707 4508 igitur
724 4395 800 4481 buc
819 4393 953 4494 redit,
977 4415 1021 4478 ut
1035 4394 1314 4480 determinetur
1336 4399 1453 4478 Tem·¹
1592 4395 1596 4404 '

144 4510 254 4620 poris
286 4512 468 4622 pundum
494 4535 583 4594 cum
628 4511 745 4595 Lunae
770 4531 948 4594 centrum
978 4507 1019 4590 in
1061 4508 1321 4621 treperitur.
1382 4507 1450 4592 Ad

145 4620 261 4735 quod
285 4619 507 4710 iaciendum
532 4624 754 4716 invenietur
791 4621 898 4823 (pglr
915 4622 1034 4827 {top
1061 4623 1232 4732 xxxx.)
1278 4625 1455 4731 Tempus

153 4784 159 4795 .
1349 4757 1449 4818 vetae
