4322 5686
259 531 307 610 a?
328 527 738 608 caementata
761 527 1100 608 taenarum.
1137 533 1291 610 trum.
1363 554 1432 631 745

111 671 187 756 Ex'
204 663 352 752 diversa
382 665 658 779 'magnitudine
683 667 832 778 periodi
857 667 1088 753 librationis
1116 673 1258 754 Volvae
1284 671 1331 752 in'
1351 669 1435 752 lati·

112 778 284 861 tudinem
314 783 353 860 dt
381 775 661 884 Nychthemeri
689 773 762 876 fit,
791 778 900 890 quod
927 781 986 862 ela
1013 777 1053 862 so
1082 781 1359 886 Nychthemeri
1382 776 1434 860 se·
1524 775 1526 780 ’

111 881 214 968 miffe
242 887 327 996 post
353 881 513 996 Eciipfin
542 887 641 970 Solis
669 889 901 986 centraiem‚
930 807 1033 971 nuda
1061 889 1252 972 Lunicoiis
1281 889 1434 968 eveniat

109 996 253 1078 Volvae
293 992 457 1104 Eclipsu.
544 999 651 1077 Nam
704 1022 887 1105 promoto
927 999 1017 1081 Sole
1062 996 1111 1080 ad
1151 993 1434 1107 oppositionem

109 1131 198 1188 tum
226 1104 359 1188 Volva
389 1103 497 1202 (hoc
529 1104 628 1202 est,
677 1105 716 1186 in
745 1105 1033 1202 Pienivolvi0‚
1072 1107 1112 1187 in
1150 1135 1232 1216 quo
1267 1099 1350 1186 solo
1378 1105 1434 1193 di-

109 1219 169 1296 aa
206 1210 359 1321 Eciipiis
402 1211 623 1322 contingere
670 1215 831 1322 potest)
875 1216 1009 1298 Volva
1048 1214 1169 1297 modo
1212 1214 1433 1320 Eclipticam

106 1318 330 1436 transgressa
359 1326 480 1419 (nam
509 1321 709 1430 aliquanto
738 1322 839 1431 prius
877 1324 981 1406 iilam
1017 1326 1193 1432 attigerat
1221 1319 1337 1432 qudm
1365 1321 1434 1414 Soi

108 1432 251 1515 Voivae
291 1431 584 1540 opponeretur)
627 1431 667 1511 in
695 1431 858 1514 austrum
885 1429 1052 1538 eousque
1080 1431 1257 1514 librando
1286 1425 1434 1540 proces-

106 1539 187 1635 sit,
224 1565 267 1621 ut
305 1535 419 1621 Lun'te
455 1537 630 1620 umbram
673 1535 843 1648 effugiat.
923 1541 1064 1622 Volva
1104 1540 1260 1650 quidem
1307 1536 1435 1622 incola

17 1721 21 1730 .
105 1648 205 1731 Solis
242 1645 405 1756 Etiipsm
442 1671 523 1728 tum
561 1645 748 1744 videbit,
790 1643 970 1730 fi'vedus
998 1648 1135 1732 Polum
1165 1649 1244 1749 eius
1272 1646 1433 1734 boreum

104 1755 259 1846 deoat3
304 1779 349 1857 at¹
382 1781 462 1837 non
505 1753 705 1850 totalem,
748 1755 787 1836 in
823 1783 904 1867 quo
932 1753 1016 1838 solo
1044 1753 1129 1837 casu
1159 1755 1293 1838 Voiva
1319 1754 1434 1839 Luni-

104 1823 202 1947 cofae
230 1889 387 1974 apparet
422 1857 597 1944 deficere.
677 1862 858 1946 Similiter
884 1865 923 1944 in
953 1865 1207 1946 Novivoivio
1237 1857 1433 1970 insequen-

103 1999 144 2055 te
172 1972 458 2055 PlenivoIvium
497 1955 712 2072 centralitet
748 1970 1006 2080 Eclipticum,
1046 1974 1155 2054 Luna
1181 1971 1326 2054 Volvae
1353 1995 1433 2058 um·
1586 1995 1590 2004 ’

102 2081 215 2164 bram
242 2077 411 2193 effugiet.

165 2297 298 2384 Volva
361 2295 554 2398 Lunicolis
582 2296 787 2380 minutiora
814 2294 1140 2396 observantibus,
1176 2325 1276 2381 nunc
1310 2299 1434 2400 major

102 2407 262 2492 videtur
299 2433 400 2487 nunc
440 2407 606 2502 minor,
713 2431 771 2488 uo
792 2433 877 2490 tota
905 2407 985 2490 haec
1013 2409 1176 2490 varietas
1206 2402 1325 2515 spatio
1354 2401 1434 2488 fere

105 2513 391 2624 Nychthemeri
433 2514 588 2595 Lunaris
633 2431 886 2605 addolvitum
941 2517 1149 2598 accuratius
1187 2541 1284 2597 vero
1312 2509 1434 2622 spatio

101 2651 189 2736 quo
217 2623 316 2704 Fiant
345 2620 394 2703 ad
421 2619 584 2703 eundem
623 2621 877 2708 Meridianum
910 2648 1162 2707 revertuntur.
1241 2626 1434 2704 Ponamus

101 2731 301 2817 Lunicolae
334 2730 509 2812 Volvam
544 2727 733 2813 diametro
778 2727 933 2814 minimi
973 2725 1153 2842 apparere
1196 2728 1353 2842 quando
1394 2729 1434 2812 in

99 2839 288 2951 praedicto
312 2836 516 2919 latitudinis
546 2837 691 2921 circulo
719 2899 731 2936 ,
766 2836 875 2974 iufra
902 2865 1017 2949 quem
1044 2843 1084 2921 in
1113 2839 1271 2922 boream
1300 2842 1340 2919 &
1368 2865 1435 2920 au-

100 2949 224 3046 strum
252 2946 437 3043 libratur,
467 2971 635 3055 apparet.
701 2946 825 3032 Anda
854 2949 1034 3054 paulatim
1061 2948 1202 3030 Voivae
1230 2945 1434 3044 diametro,

99 3055 185 3164 ipsa
221 3053 355 3136 Volva
396 3051 447 3135 ad
483 3050 658 3136 occasum
694 3053 716 3138 d
757 3054 936 3166 praedido
974 3049 1117 3141 cirtulo
1156 3053 1330 3138 deviabit
1366 3083 1447 3163 pet,

97 3161 391 3270 ·Nychthemeri
420 3161 670 3272 quadrantem
700 3159 812 3261 fere,
849 3191 916 3272 per
945 3160 1162 3276 sequentem
1186 3164 1435 3270 quadrantem
1546 3233 1549 3238 .

94 3271 154 3356 ad
186 3268 351 3354 eundem
379 3264 610 3366 reversura,
654 3269 719 3352 ubi
748 3271 889 3352 Volvae
925 3270 1108 3354 diameter·
1135 3270 1329 3352 videbitur
1357 3295 1435 3348 ma·
1581 3343 1585 3350 .

96 3383 214 3466 xima
239 3408 250 3468 3
292 3375 394 3459 unde
437 3373 557 3460 rursus
596 3379 635 3458 in
672 3401 800 3460 ortum
823 3378 996 3461 deviabit
1025 3439 1038 3477 ‚
1067 3375 1222 3488 ejusque
1250 3376 1436 3460 diameter

103 3513 300 3599 apparens
339 3487 531 3568 minuetur
563 3543 577 3582 ‚
624 3485 886 3598 integramque
914 3487 1173 3571 Librationem
1202 3481 1435 3594 revertendo

97 3597 162 3680 ad
203 3595 425 3702 Eciipticam
455 3592 638 3704 (quando
676 3591 793 3678 rursus
832 3597 989 3680 minima
1017 3594 1234 3690 videbitur)
1267 3590 1435 3702 perficiet

103 3710 149 3789 in
180 3729 256 3785 una
282 3703 457 3784 Pinarum
486 3703 745 3804 revolutione.
829 3705 1019 3788 Deviatio
1046 3704 1160 3800 hoec‚'
1200 3699 1285 3784 ciam
1319 3700 1436 3782 maxi·
1510 3749 1514 3758 ·

107 3841 180 3896 ma
214 3869 227 3906 ,
276 3811 346 3893 erit
392 3811 540 3892 circiter
586 3821 667 3914 5⁸⁸3
715 3809 1017 3924 tantundemque
1057 3812 1231 3894 circulus‘
1258 3808 1436 3899 limitum,

99 3919 289 4020 dividens
332 3917 607 4001 Subvol'vanos
642 3919 667 4003 a
697 3920 929 4019 Privolvis,
979 3921 1152 4002 nuncin
1186 3916 1435 4000 Occidentem

105 4025 408 4140 promovebitur
429 4027 558 4110 relidit)
583 4029 774 4124 Oriente,
804 4033 963 4111 nuncin
986 4029 1183 4110 Orientem
1206 4026 1346 4108 relitio·
1361 4027 1438 4103 Ot-

107 4138 300 4230 cidente,
338 4131 427 4216 sicut
462 4163 530 4246 per
542 4137 723 4327 1priorem
749 4135 788 4218 in
816 4136 975 4220 boream
999 4137 1234 4218 &austrum
1305 4129 1438 4254 Atque

96 4243 251 4326 ·Volva
276 4287 292 4337 1,
341 4241 432 4351 post
474 4249 681 4356 perediam
724 4245 910 4354 integram
959 4243 1221 4326 Librationem
1264 4241 1360 4322 hanc
1401 4266 1439 4318 m

108 4349 399 4514 longitudinem
417 4387 447 4448 ,¹
470 4352 519 4438 ad
547 4354 708 4464 primum
737 4347 979 4564 istthnriqum
1007 4350 1214 4438 latitudinis
1244 4347 1440 4540 ciqqqtclqufi
