4420 5692
247 597 291 672 o·
326 545 737 674 ceonrrnrcc'
768 599 1113 683 errantum.
1143 607 1229 682 en.
1261 547 1332 686 ιγ’.
1404 635 1477 710 443

173 715 349 808 seruntur
377 724 431 807 in'
459 719 765 836 consequentia,
801 731 868 812 vel
902 723 1079 818 feruntur
1124 735 1165 818 i'n
1204 733 1476 819 antecedentia
1494 765 1664 838 aaron
1710 803 1735 850 0

175 837 374 922 celeritate
408 839 555 943 majore
593 867 712 949 quam
738 839 858 951 dupla
882 847 962 947 ejus
988 845 1066 960 qui
1091 841 1231 964 corpus
1261 872 1286 930 n
1311 851 1351 930 in
1385 849 1484 932 orbe
1504 852 1605 932 ng..r.

174 950 367 1033 immobili
401 951 443 1032 in
466 937 741 1064 consequentia
770 951 910 1040 fertur:
933 987 1067 1045 verum
1098 991 1185 1047 cum
1212 962 1389 1046 ultimum
1406 962 1483 1047 hoc

175 1064 217 1146 in
243 1064 354 1146 nullo
382 1091 592 1178 corporum
618 1065 851 1168 Coelestiutn
877 1072 1010 1156 locum
1035 1075 1206 1172 habeat,
1245 1076 1295 1165 ab
1323 1075 1402 1159 hoc
1428 1103 1487 1160 ca·

174 1175 215 1260 su
241 1176 503 1263 abstrahimus.
563 1178 621 1262 At
655 1179 683 1262 sr
710 1180 733 1264 :i
760 1183 836 1280 Vi,
866 1210 951 1296 quae
975 1189 1028 1270 esl
1059 1191 1259 1299 reciproce
1291 1189 1331 1271 in
1360 1189 1485 1302 dupli·

175 1315 263 1374 cata
297 1291 449 1376 tatione
490 1291 699 1390 distantiae,
741 1293 936 1380 auferatur
969 1299 1067 1398 Vis,
1106 1329 1191 1414 quae
1224 1302 1279 1385 est
1316 1303 1484 1416 recipro-

178 1430 224 1488 cc
255 1403 297 1486 in
339 1399 508 1508 ejusdem
557 1405 748 1514 triplicata
774 1411 926 1496 ratione
950 1442 962 1503 ;
1002 1417 1241 1534 relinquetur
1266 1413 1365 1510 Vis,
1403 1411 1487 1528 qul

177 1540 338 1630 urgente
365 1545 505 1631 corpus
535 1513 726 1602 describet
761 1521 918 1634 Ellipfin
954 1529 1060 1632 cujus
1090 1527 1238 1640 apstdes
1267 1525 1488 1638 regrediun»

178 1711 267 1771 turs
294 1675 536 1786 Differentia
557 1686 665 1772 enim
692 1688 845 1774 Vitium
869 1646 1396 1834 wellin
1410 1693 1490 1780 hoc

179 1848 265 1938 casu
292 1856 500 1966 negativas
535 1861 575 1940 et
607 1859 823 1973 proindec
864 1856 991 1944 minor
1027 1883 1147 1970 quam
1171 1885 1222 1961 ι,
1257 1859 1337 1950 live
1369 1889 1489 1978 angu-

179 1971 237 2053 lus
263 1971 515 2082 utiquam
549 1995 682 2058 Ατι
718 1976 860 2060 minor.

358 2211 359 2216 4
493 2097 1074 2204 Conoetnnro'n
1136 2135 1181 2210 2·

241 2302 378 2414 Atque
404 2297 496 2382 hinc
528 2291 652 2382 rursus
681 2295 853 2413 sequitur
892 2300 1005 2413 quod
1031 2299 1060 2386 sr
1084 2303 1124 2386 in
1158 2299 1289 2399 orbe,
1322 2299 1348 2386 zi
1376 2298 1497 2384 circu·
1514 2363 1540 2421 ἢ.
1585 2378 1601 2420 2

181 2418 252 2504 lari
279 2441 361 2500 non
386 2411 553 2496 multum
590 2409 833 2512 abludente,
873 2418 946 2499 Vis
980 2415 1103 2500 centri
1131 2439 1194 2501 eta
1221 2417 1261 2498 in
1296 2411 1440 2498 recessu
1466 2406 1497 2505 ὲ
1533 2383 1566 2442 ι’
1602 2397 1612 2420 ’

184 2551 323 2617 centro
354 2520 548 2612 decrescat
585 2526 706 2637 magis
732 2525 848 2628 (five
876 2529 1004 2612 minor
1052 2524 1097 2611 srt
1171 2553 1290 2640 quam
1330 2553 1403 2636 pro
1440 2547 1499 2604 ra·

186 2647 295 2731 tione
320 2640 515 2754 duplicata
541 2636 726 2724 distantia
761 2644 905 2729 auom
928 2638 1036 2722 orbis
1066 2629 1215 2751 apsides
1235 2637 1499 2722 movebuntur

185 2761 226 2842 in
257 2749 548 2868 consequentia.
606 2753 665 2836 Sit
699 2753 807 2847 enim
848 2753 1013 2836 immota
1053 2750 1202 2864 Ellipfis
1250 2776 1361 2834 n-nr
1391 2745 1501 2834 orbis

187 2869 397 2980 descriptus
426 2866 449 2952 ai
483 2891 681 2979 corpote,
721 2866 832 2982 quod
859 2892 1022 2980 urgetur
1052 2864 1076 2950 a
1112 2868 1164 2949 Vi
1191 2863 1242 2949 ad
1267 2888 1443 2948 centrum
1469 2884 1500 2942 n

187 2983 398 3081 tendente,
423 2985 529 3086 cujus
553 2977 696 3064 summa
720 2979 830 3094 apsrs'
858 3005 882 3064 a
917 2979 1040 3092 duplo
1070 2980 1190 3092 magis
1231 2978 1342 3062 dissat
1367 2975 1389 3058 a
1411 2999 1502 3059 cen·

188 3125 251 3185 tto
280 3125 308 3180 r
334 3123 452 3207 qnam
478 3096 556 3178 ima
588 3125 646 3186 rs
675 3125 756 3181 non
789 3093 900 3209 quod
932 3095 1019 3180 talis
1050 3095 1159 3176 orbis
1187 3091 1238 3177 ad
1278 3089 1507 3175 circularem·

188 3210 378 3308 accedat,
412 3204 477 3293 sed
509 3208 607 3290 hanc
632 3212 825 3295 rationem
856 3209 1012 3314 majoris
1041 3202 1319 3321 perspicuitatis
1352 3208 1393 3286 δι
1419 3226 1504 3287 tan·

191 3351 276 3412 tum
308 3322 476 3434 exempli
508 3319 630 3431 gratis
664 3327 866 3435 ponimus.
922 3324 1194 3435 supponamus
1232 3318 1326 3402 Vim
1364 3316 1506 3400 centri·

190 3465 346 3552 petam,
381 3433 461 3574 <pul
486 3459 628 3542 corpus
654 3437 742 3519 ine
785 3459 974 3548 urgetur,
1012 3431 1085 3519 elle
1117 3433 1284 3545 partium
1322 3454 1433 3530 400,
1464 3433 1506 3510 ct

192 3556 297 3648 Vis,
329 3575 408 3662 qua
431 3550 472 3632 in
505 3571 526 3627 ιι
557 3569 740 3657 urgetur,
768 3549 840 3630 erit
870 3571 980 3648 100,
1008 3551 1111 3632 &in
1144 3548 1242 3632 locis
1269 3541 1512 3630 intermediis

194 3661 542 3779 proportionaliter
564 3689 580 3748 ι·
607 3660 674 3744 illa
708 3687 848 3768 nempe
888 3663 993 3758 Vis,
1044 3659 1123 3772 qui
1157 3683 1320 3770 urgente
1366 3679 1508 3767 corpus

194 3775 352 3892 Ellipfin
387 3773 629 3858 immobilem
659 3799 768 3857 ιιι
797 3767 1057 3869 describeret,
1092 3771 1141 3856 sc.
1162 3773 1360 3882 reciproca
1383 3763 1515 3878 dupli·v

197 3921 284 3980 cata
317 3889 502 3974 dislantiae
534 3884 740 3972 icentm.
786 3885 827 3968 Si
852 3887 928 3988 jam
960 3910 1099 3993 praeter
1133 3885 1232 3968 hanc
1267 3885 1384 3978 Vim,
1423 3905 1511 3962 cor·

199 4035 269 4122 pus
304 4008 344 4088 in
382 4027 609 4113 tergeatur
632 3999 707 4086 aliis
743 3997 796 4082 Vi
828 4026 913 4111 qua·
937 3995 982 4081 stt
1007 4027 1064 4078 ex.
1086 4025 1149 4104 gr.
1178 4020 1220 4079 ut
1249 4006 1325 4092 64,
1357 3999 1397 4077 &
1422 3992 1510 4076 ina

201 4122 255 4202 Vi
282 4147 367 4231 quae
393 4115 436 4199 lit
467 4137 511 4198 ut
542 4129 591 4211 8,
631 4119 671 4198 δι
703 4116 743 4197 ίιι
765 4113 862 4196 locis
880 4111 1118 4196 intermediis
1146 4104 1512 4224 proportionaliters

200 4260 344 4342 nempe
375 4229 419 4312 srt
450 4231 528 4314 hac
563 4229 638 4311 Vis
667 4223 913 4342 superaddita
944 4222 1094 4312 inverse
1118 4248 1160 4310 ut
1184 4221 1307 4309 cubus
1334 4219 1520 4319 distantiae

200 4347 225 4434 a
262 4370 432 4431 centtoa
458 4345 498 4426 in
524 4340 602 4425 hoc
638 4337 724 4426 casu
763 4339 779 4444 (
814 4369 883 4453 per
918 4343 1033 4451 prar'c.
1075 4335 1259 4444 Coros.)
1295 4331 1443 4446 apsides
1477 4333 1520 4415 in

206 4453 486 4569 consequentia
520 4453 706 4540 serentur.
767 4453 916 4538 Vtrum
954 4455 1025 4538 νίς
1055 4476 1141 4538 tota
1171 4452 1211 4534 in
1236 4480 1257 4534 ι
1283 4447 1362 4534 stve
1391 4475 1439 4533 cx
1461 4445 1520 4528 bi·

207 4577 266 4660 nis
300 4569 515 4684 composta
542 4568 597 4654 est
631 4595 676 4659 ut
716 4579 833 4682 464,
874 4573 915 4655 &
948 4565 1023 4675 Vis
1058 4568 1101 4680 in
1133 4592 1163 4652 a
1192 4589 1237 4653 ut
1272 4579 1378 4675 roa,
1413 4566 1462 4761 so
1479 4560 1521 4643 in

1169 4682 1201 4763 l
1466 4673 1528 4762 cis
