4336 5692
260 683 306 765 a
337 607 1107 772 eaoui‘rrrc'aazauaum'
1133 675 1234 776 ma.
1271 695 1313 778 v.
1398 688 1465 796 u,
1509 675 1512 680 ’
1663 651 1667 662 ‘

162 824 326 939 planum
347 825 494 910 Orbitae
517 827 733 912 Cometicae
756 819 952 928 versetur,
981 827 1132 914 Caudae
1159 851 1364 912 curvatura
1390 821 1471 912 sen·

164 941 307 1029 cieturr
332 936 529 1054 magisque
556 938 740 1026 sensibilis
769 945 949 1040 evadet,
988 933 1071 1055 quo
1097 942 1242 1027 reuaa
1274 947 1394 1026 Terra
1418 939 1470 1046 ad

162 1053 349 1138 Caudam
381 1053 496 1138 duda
524 1055 647 1139 ‘Orbis
681 1059 861 1142 Cometa
903 1052 1131 1172 (ipsusque
1156 1057 1258 1144 adeo
1277 1055 1469 1150 Caudae)

164 1167 288 1280 plano
312 1169 431 1278 magis
455 1169 510 1252 est
533 1170 748 1268 normam,
775 1175 817 1254 dt
845 1176 978 1255 omnia
1007 1198 1135 1256 curva
1167 1169 1318 1256 Caudae
1344 1165 1470 1282 symp-

163 1305 318 1366 tomata
341 1283 499 1368 Coroll.
574 1313 639 1368 ac.
675 1281 863 1398 descripta
889 1281 1122 1370 sensibilium
1153 1285 1263 1370 fient.
1332 1285 1470 1396 Atque
1543 1347 1544 1352 a

163 1396 222 1500 ha
240 1391 324 1481 sunt
340 1395 442 1480 statae
458 1399 499 1478 δι
541 1398 704 1482 oiennes
719 1399 868 1484 Caudae
882 1402 1067 1484 ¹Cometa
1084 1400 1318 1483 mutationes
1338 1429 1347 1477 ε
1378 1423 1470 1480 nam

160 1534 356 1624 quantum
388 1510 439 1594 ad
469 1511 636 1594 incertas
670 1511 756 1598 istas
784 1519 827 1595 δι
862 1509 1112 1609 subitaneus,
1150 1540 1246 1706 quas
1275 1514 1470 1594 Audorcs
1633 1589 1636 1594 .

164 1649 416 1724 memorant,
441 1649 535 1708 ortae
558 1624 745 1710 videntur
767 1625 792 1734 Ιὲ
811 1653 1003 1738 vaporum
1029 1625 1156 1710 Auno
1172 1626 1307 1736 phara
1333 1623 1471 1722 nostra

159 1735 394 1824 resradtione
421 1735 584 1822 fortuita
612 1740 836 1824 Caudarum
861 1737 1002 1854 figuras
1032 1738 1321 1851 detorquentes
1366 1733 1471 1820 veli

160 1875 275 1936 motu
301 1852 465 1936 nubium
497 1851 583 1936 illas
615 1854 746 1967 aliqua
772 1879 822 1938 ex
848 1881 959 1966 parte
988 1847 1316 1939 obscurantiumt
1357 1847 1472 1934 auti

162 1965 301 2049 vicinis
332 1965 463 2050 Stellis
503 1967 690 2051 harumve
732 1967 966 2081 congerie,
1008 1989 1080 2050 auu
1112 1961 1186 2049 Via
1226 1967 1367 2050 Ladea
1396 1987 1471 2076 pto

157 2078 314 2166 Caudae
341 2101 452 2192 parte
469 2106 673 2194 perperam
701 2075 875 2196 sumptis.
1015 2089 1018 2096 '

474 2271 1023 2360 PROPOSITIO
1106 2273 1160 2356 V.

159 2457 293 2545 Plures
326 2451 473 2544 (imm
495 2459 675 2543 videntur
706 2467 750 2543 in
776 2457 1033 2571 Hemispbaerio
1070 2456 1195 2568 versus
1219 2454 1339 2544 Solem
1362 2489 1483 2576 qum

542 2581 589 2658 ἐκ
614 2571 870 2688 iamispbaerie
899 2573 1062 2688 oppostn.

299 2839 375 2974 που
391 2909 418 2965 τ
451 2879 662 2995 descriptus
694 2883 872 2966 Fixarum
900 2875 1113 2992 sphaeram,
1153 2878 1233 2967 sive
1258 2881 1366 2968 iliam
1402 2906 1474 2991 po-
1511 2897 1566 2978 fu·
1578 2911 1607 2969 5·

156 2995 238 3081 tius
270 2991 350 3106 qud
383 2993 485 3080 visus
518 2997 759 3082 tenninatur.
819 2995 1021 3108 Quoniam
1057 2997 1238 3081 Cometa
1267 2990 1487 3108 splendent-

157 3109 250 3195 luce
281 3106 431 3194 Solita
461 3106 500 3194 se
527 3107 692 3209 reflexi,
728 3137 810 3196 non
835 3108 1073 3196 videbuntur
1110 3108 1371 3224 antequam&
1401 3109 1475 3193 So·

158 3222 200 3309 le
240 3222 296 3306 ita
336 3222 592 3323 illustrentur,
641 3250 686 3310 ut
725 3226 876 3309 Oculos
900 3226 1053 3310 nostros
1084 3223 1172 3308 luce
1205 3223 1274 3306 ista
1309 3248 1474 3309 movete

159 3335 327 3454 possmus
361 3340 403 3440 ὃς
442 3360 624 3449 praterea
660 3365 749 3422 cum
776 3339 957 3422 Cometa
989 3365 1076 3451 per·
1096 3335 1257 3422 Caudas
1290 3330 1374 3419 suas
1400 3335 1474 3419 fint

160 3451 330 3535 maxime
368 3447 589 3564 conspicui,
629 3451 698 3536 hat
740 3475 873 3536 autem
911 3475 995 3533 non
1032 3451 1213 3536 emittant
1254 3443 1474 3563 priusquam

157 3565 214 3651 ad
244 3564 379 3651 Solem
421 3565 653 3652 incaluerint
690 3564 741 3649 ali
772 3565 1012 3653 uantulumt
1055 3587 1164 3678 patet
1196 3561 1249 3647 ad
1283 3562 1475 3648 utrumvis

163 3671 514 3792 consequendum,
567 3705 667 3790 opus
707 3594 782 3762 csse
822 3701 867 3762 ut
918 3679 1091 3764 Cometa
1127 3676 1179 3761 ad
1219 3675 1417 3763 definitam
1437 3672 1532 3799 ,ὴ

162 3792 258 3878 Sole
292 3792 510 3878 distantiam
540 3791 715 3878 accedat.
775 3791 835 3876 Sit
874 3817 903 3874 a
929 3820 953 3874 a
984 3817 1011 3874 c
1037 3819 1065 3876 o
1092 3787 1235 3903 sphaeta
1260 3787 1344 3872 Soli
1377 3815 1476 3872 con·

163 3905 334 3991 centrica
366 3907 418 3992 ad
460 3909 567 3992 istam
608 3905 827 3990 disiandam
876 3900 1090 4016 descripta,-
1134 3905 1222 3988 talis
1259 3930 1399 4012 nempe
1431 3924 1476 3986 ut

163 4021 295 4106 nullus
329 4023 535 4122 Cometa,
586 4046 723 4133 roptct
745 4017 1008 4102 illustrationis
1028 4015 1245 4114 defectum,
1271 4015 1475 4114 videatur,

163 4129 383 4248 priusquam
417 4137 517 4220 incra
549 4049 698 4249 dhara
722 4135 834 4238 hujus
871 4127 1109 4245 superficiem
1139 4125 1337 4215 versetur:
1359 4133 1474 4239 Junc-

164 4273 207 4334 α
230 4249 331 4331 tedia
369 4277 434 4333 ετ
464 4251 702 4363 producatur
731 4245 944 4358 utrinque,
972 4244 1103 4330 donec
1130 4243 1238 4330 diuae
1259 4236 1483 4354 superficiei.

163 4383 346 4447 occurrat
407 4364 447 4446 in
483 4387 509 4448 n
545 4367 586 4446 dc
619 4389 673 4444 c:
713 4363 786 4444 Per
818 4385 845 4440 τ
885 4357 1049 4444 ducatur
1087 4358 1247 4474 planum
1284 4381 1313 4439 u
1347 4379 1371 4438 u
1410 4353 1473 4438 cui

164 4499 240 4561 ac
282 4474 337 4560 est
367 4477 579 4572 domatis,-
617 4477 696 4562 hoc
727 4470 880 4558 dividet
918 4468 1100 4586 sphaeram
1130 4495 1283 4558 nuru
1318 4467 1473 4555 induo

164 4587 467 4702 Hcmispharia,
514 4617 684 4706 quorum
723 4615 754 4673 u
772 4609 832 4671 ru
867 4587 923 4673 est
968 4588 1102 4674 Solem
1141 4581 1272 4671 versus
1287 4639 1303 4682 ,
1355 4609 1385 4668 u
1401 4601 1472 4665 oe

168 4703 254 4795 Soli
276 4703 512 4822 oppositum
570 4705 752 4817 Cometa
769 4727 907 4788 omnes
929 4701 969 4786 in
990 4696 1137 4817 sphaetae
1151 4693 1352 4814 segmento
1377 4719 1474 4830 uec.

858 4816 995 4920 uba,
1268 4939 1270 4945 .
1353 4809 1482 4920 ,κιὼν

159 2763 276 2964 D
292 2767 446 2854 Efionet
476 2793 498 2852 a
533 2768 668 2855 Solem
695 2799 706 2858 t
740 2795 770 2852 τ
797 2771 984 2858 Terrama
1009 2765 1175 2852 circulus
1207 2795 1237 2852 n
1253 2792 1274 2854 a
1293 2789 1359 2852 vu
1382 2747 1540 2879 cen-m,
1558 2820 1669 2882 m„
