4336 5692
737 665 807 738 sn
955 607 1478 716 astronom
1536 627 1881 748 interea

730 809 784 894 pe
807 781 1032 894 AEquatoris
1059 776 1285 888 Annulique
1314 771 1514 872 Saturnii,
1542 773 1645 868 inter
1675 769 1713 856 se
1733 773 1814 858 fere
1830 773 2036 884 'patalieia

732 897 785 978 Et
805 895 921 1007 igitur
954 895 980 976 fi
1005 922 1053 980 ex
1078 897 1195 976 Tetra
1229 889 1412 1000 Annulus
1435 889 1497 982 hic
1527 889 1720 986 circularis
1745 886 1911 1000 oblique
1938 884 2036 999 spec·

595 1046 600 1055 =
733 1031 866 1104 retur,
906 1007 1077 1122 indeque
1103 1003 1307 1116 Eilipticus
1347 1007 1564 1114 appareat,
1599 995 1747 1113 Eilipsrs
1779 1000 1892 1108 hujus
1917 1006 2035 1106 major

730 1121 814 1204 axis
833 1122 1036 1232 parallelus
1067 1117 1148 1201 fere
1173 1119 1249 1202 erit
1278 1115 1483 1228 AEquatori
1519 1115 1697 1200 coelesti.

789 1233 1009 1316 Praedidanr
1044 1234 1200 1315 Reditm
1235 1227 1359 1342 (quae
1387 1228 1441 1312 est
1467 1229 1682 1312 communis
1711 1223 1927 1314 interfectio
1955 1229 2036 1340 pla-¹

730 1345 949 1454 nijAnnuli
978 1345 1145 1431 Saturnii
1175 1342 1344 1454 &plani
1376 1343 1618 1454 Eclipticae)
1660 1365 1771 1426 motu
1797 1342 1970 1454 angulari
1994 1345 2033 1425 in

728 1459 1001 1544 antecedentia
1034 1457 1125 1540 ferri
1151 1453 1469 1539 verifimilltmum
1495 1455 1561 1538 est.
1622 1454 1746 1564 Qtod
1783 1453 1810 1536 st
1851 1455 2033 1540 Annulus

729 1572 792 1657 hic
825 1601 913 1656 cum
940 1575 1157 1682 ffiquatore
1182 1569 1362 1652 Saturnio
1390 1569 1606 1680 magnerice
1637 1567 1768 1654 aliove
1793 1569 1934 1679 quovis
1951 1595 2058 1662 mo-¹

729 1685 784 1768 do
808 1685 1107 1802 imperceptibili
1142 1681 1187 1764 stt
1218 1707 1441 1778 connexus,
1472 1680 1595 1788 (nam
1621 1678 1907 1765 observatione
1932 1709 2029 1764 con.

727 1798 798 1880 stat
822 1798 933 1880 illurn
959 1796 1146 1908 nusquam
1174 1796 1398 1895 coherere,
1443 1794 1462 1904 )
1514 1795 1568 1880 ita
1606 1818 1649 1879 ut
1683 1795 1822 1876 horum
1852 1794 1965 1906 plana
1990 1797 2030 1878 in

726 1935 846 1994 unum
862 1907 1024 2022 ¹semper
1065 1909 1291 2007 coincidant
1324 1909 1725 2020 ;·AEqun0ai0rum
1765 1908 2030 1992 Saturniorum

724 2018 867 2134 punita
894 2021 1172 2109 retrocedent=
1214 2021 1394 2106 Annulus
1420 2022 1525 2108 enim
1557 2023 1611 2106 est
1642 2021 1801 2106 materia
1823 2020 1875 2104 ad
1890 2025 2028 2132 AEqua-

558 2165 560 2168 ·
709 2149 854 2221 ‘rorent
876 2137 1029 2221 Saturni
1059 2133 1311 2224 redundanst
1338 2137 1443 2222 unde
1464 2135 1561 2247 (pet
1586 2138 1701 2246 Prop.
1738 2161 1852 2218 txtv.
1874 2134 2025 2242 tint.)

629 2269 633 2278 ’
717 2251 869 2334 constat
892 2251 1050 2332 istorum
1083 2253 1313 2359 punctorum
1350 2274 1479 2333 motus
1516 2249 1555 2329 in
1591 2249 1862 2332 antecedentia
1887 2248 2027 2331 eodem

609 2449 613 2456 ,
719 2362 845 2450 modo
869 2389 952 2476 quo
981 2361 1321 2475 AEquinociialium
1356 2367 1587 2472 punctorum
1602 2359 1863 2446 Teriestrium.
1904 2361 2025 2468 Quod

716 2474 781 2573 st,
808 2477 975 2561 Planetoe
1007 2471 1218 2560 secundarii
1244 2473 1388 2576 instar,
1439 2475 1618 2560 Annuius
1648 2502 1778 2558 motus
1807 2473 1891 2557 suos
1922 2501 2025 2590 pera·

408 2681 410 2686 ,
714 2617 789 2700 gat
811 2588 1122 2702 independenter
1148 2587 1171 2671 a
1198 2587 1352 2670 Saturni
1387 2588 1558 2686 Globo,
1602 2589 1728 2672 Linea
1754 2587 1941 2700 praediuae
1967 2615 2023 2678 re·

446 2807 451 2814 ,
565 2737 575 2790 ς
715 2699 859 2816 greffus
883 2733 931 2786 ex
949 2707 1064 2817 Prop.
1085 2729 1171 2784 xiv.
1199 2697 1286 2782 Lib.
1322 2727 1395 2784 tv.
1427 2698 1631 2788 constabit.

412 2813 444 2846 '⁰
773 2819 896 2898 Porro
935 2814 1128 2927 angulus,
1164 2838 1282 2926 quem
1323 2813 1471 2920 Annuli
1501 2813 1662 2926 planum
1696 2841 1784 2897 curn
1808 2815 1926 2927 plano
1952 2818 2019 2897 Or.

713 2926 774 3010 bis
796 2929 963 3012 Saturnii
995 2927 1202 3022 continet,
1230 2927 1352 3031 major
1375 2927 1447 3014 etit
1471 2955 1542 3039 per
1564 2930 1682 3040 Prop.
1711 2953 1812 3025 xv,
1840 2955 1928 3010 curn
1958 2931 2019 3012 Sa·

713 3064 850 3123 turnus
884 3039 924 3122 in
963 3041 1105 3126 horum
1145 3039 1341 3123 communi
1380 3035 1650 3124 interseciione
1690 3039 1877 3151 reperitur
1900 3067 2013 3152 quant

710 3151 834 3242 alibir
861 3155 901 3235 δι
922 3153 1102 3238 minimus
1132 3179 1219 3235 curn
1243 3153 1427 3238 Saturnus
1449 3153 1542 3236 inde
1564 3154 1731 3238 maxime
1763 3155 1907 3238 distat:
1955 3181 2017 3238 ve·
2124 3177 2130 3194 ·

669 3267 670 3272 '
710 3293 797 3399 min
819 3268 1056 3354 mutationes
1085 3263 1144 3351 hae
1165 3289 1245 3353 taut
1274 3291 1401 3377 parve
1427 3263 1513 3354 sunt
1535 3287 1578 3350 ut
1604 3264 1627 3354 ὲ
1652 3271 1770 3355 Terra
1792 3267 1857 3352 viti
1889 3262 2014 3355 obser.

710 3407 796 3478 uari
829 3403 990 3492 queant.

780 3587 784 3598 ·
954 3565 1522 3658 euoposrrro.
1581 3498 1795 3659 ruric.

712 3761 859 3986 ,defundi
888 3736 1064 3842 Saturnii
1094 3756 1283 3870 Phasesi
1322 3757 1406 3848 Sole
1436 3763 1618 3872 speciata
1651 3759 1846 3872 describere
1878 3762 1925 3857 ό·
1954 3764 2012 3865 dc,
2054 3843 2059 3854 ,

795 3903 889 3959 mre.

372 4126 383 4143 ,
433 4069 440 4082 ’
517 4069 709 4208 regma<
714 4064 829 4259 Α
854 4069 886 4148 Β
916 4063 991 4148 ntis
1022 4058 1195 4149 ordimur
1231 4093 1319 4178 quae
1357 4067 1455 4154 fiunt
1488 4096 1575 4156 cum
1606 4068 1841 4184 Speeiatoris
1873 4069 2009 4152 oculut

521 4231 524 4238 -
570 4167 604 4227 ὅ·
620 4167 658 4226 ¹‘·
858 4177 1043 4262 coincidit
1084 4205 1172 4262 curn
1205 4205 1274 4261 cor
1301 4207 1370 4264 ote
1412 4182 1653 4286 illustrante,
1685 4185 1832 4296 quippe
1863 4185 1904 4262 tc
1929 4181 2008 4264 sun·

706 4289 931 4402 plicioribus
957 4295 998 4372 δι
1027 4289 1078 4372 ad
1097 4290 1172 4372 alia
1188 4317 1253 4402 gra
1284 4320 1349 4376 utn
1378 4291 1621 4382 facientibus.
1680 4301 1792 4380 Patet
1817 4295 2006 4490 primumi
2071 4297 2074 4306 ¹

579 4405 580 4408 ‘
703 4405 870 4488 Suttuno
902 4430 950 4486 ex
985 4401 1079 4484 Sole
1107 4395 1276 4514 speciaro
1312 4433 1357 4493 ut
1380 4407 1432 4494 ,in
1466 4408 1578 4494 nv'el
1612 4435 1628 4494 1
1642 4454 1674 4510 ,v
1710 4409 1795 4508 (in
1831 4403 2004 4494 chemate

599 4564 616 4584 -·
701 4542 859 4600 annexu
900 4513 985 4602 ubi,
1007 4517 1214 4601 Saturnum
1242 4546 1332 4604 cum
1369 4520 1529 4606 Annulo
1557 4551 1639 4635 quo
1666 4523 1830 4632 cingitur
1850 4521 2004 4632 paralle-

703 4628 771 4730 lus
805 4627 979 4730 delatum
997 4625 1272 4746 depinxittius,
1304 4657 1393 4722 curn
1420 4629 1545 4750 specie
1578 4663 1658 4750 qua
1682 4629 1819 4724 Discus
1846 4657 2005 4849 ιρρεῃεὲ

1324 4809 1325 4812 ¹
1919 4777 1972 4862 ρο
