4376 5694
278 621 324 702 o
359 609 749 714 etonsrnrrn
782 609 1119 690 strunium
1154 613 1243 692 tn.
1267 612 1330 692 ιν.
1431 643 1499 722 53,

192 754 351 870 'tequalis
376 757 428 853 est
455 749 689 838 differentiae
713 743 878 861 ipsarum
901 775 975 834 nn
1002 807 1017 847 ‚
1054 774 1083 834 n
1103 779 1129 832 v
1156 809 1172 851 ,
1223 745 1313 837 sr've.
1340 757 1504 847 excelsus
1521 732 1687 894 Tssffiffn

178 872 404 956 .Parallaxis
432 869 548 950 Lunae
577 866 832 954 horizontalis
857 857 968 974 supra
988 858 1173 950 summam
1190 867 1505 960 Semidiamerro·

192 1010 279 1070 tum
299 982 574 1068 Luminurium.
629 977 760 1112 Quod
790 977 1035 1062 srDistantia
1057 980 1126 1063 illa
1159 977 1310 1064 excelsu
1342 983 1421 1070 hoc
1436 989 1506 1074 mi.

191 1125 269 1182 nor
293 1097 366 1196 fir,
392 1096 610 1178 Penumbra
635 1118 785 1204 integra
816 1092 856 1174 in
884 1097 1046 1178 Terram
1071 1092 1209 1177 incidit
1245 1152 1259 1194 ‚
1312 1097 1504 1214 restatque

192 1211 438 1297 circumcirca
468 1207 633 1294 Telluris
674 1210 815 1292 crudus
854 1204 905 1290 ab
921 1271 925 1280 .
940 1207 1051 1290 omni
1093 1207 1199 1297 Solis
1237 1205 1405 1298 Defedu
1432 1219 1502 1304 im.

182 1351 332 1410 munis..

181 1488 188 1498 ·
248 1439 359 1522 licet
390 1435 507 1520 hmae
522 1431 678 1516 Umbra
695 1432 966 1519 Penumbrave
992 1433 1032 1516 in
1050 1427 1156 1519 Disci
1183 1438 1342 1548 planum
1364 1468 1503 1557 excep-

189 1573 230 1636 ta
255 1550 300 1634 stt
325 1551 518 1645 circulus,
558 1547 599 1628 in
630 1543 829 1657 superficie
856 1549 1020 1632 Telluris
1038 1543 1216 1659 sphaerica
1236 1555 1254 1660 (
1274 1554 1341 1636 ubi
1364 1581 1500 1642 revera

176 1664 417 1778 ‚eupritur)
448 1653 767 1746 circumscribitur
795 1657 899 1755 linesi
940 1663 1099 1744 minIme
1126 1663 1340 1766 circulari,
1381 1671 1402 1766 (
1431 1669 1506 1754 nili·

183 1805 279 1864 cum
305 1774 477 1862 umbrosi
502 1773 596 1858 coni
621 1774 703 1860 auis
730 1801 800 1884 per
825 1775 989 1860 Telluris
1015 1799 1191 1862 centrum
1225 1779 1495 1890 extenditun)

189 1891 310 1977 immo
336 1917 419 1974 non
448 1885 651 1974 ineodem
681 1887 801 1998 plano
819 1891 999 1994 jacentes
1045 1887 1096 1972 de
1128 1887 1340 1996 cujusmodi
1368 1897 1497 1986 lineis

189 2001 417 2118 opusculum
442 2001 566 2087 Anno
607 2011 727 2118 11663.
763 1999 887 2086 edidit
917 2001 968 2084 P.
1003 1993 1160 2108 Courster
1193 2063 1207 2102 ‚
1249 2008 1361 2118 quod
1381 2014 1422 2092 dr
1445 2009 1496 2098 de

183 2116 344 2204 Umbra
372 2115 536 2202 Telluris
563 2116 606 2199 in
633 2112 869 2226 superficiem
885 2117 1003 2199 Lunae
1018 2109 1235 2231 sphaericam
1261 2147 1423 2235 excepta
1456 2121 1496 2210 sr-

187 2233 332 2318 milirer
357 2257 495 2358 verum
520 2229 593 2313 est..
649 2233 797 2363 lienum
826 2230 866 2312 in
889 2229 1028 2362 liclipsr
1050 2233 1168 2318 Lunae
1187 2237 1386 2366 predando
1411 2264 1495 2324 non

187 2337 1256 2574 slsstzl”llltdllndnlsllffis
1277 2344 1495 2552 lllfilt

184 2571 403 2658 inTellure
433 2569 636 2654 domicilio
659 2569 794 2654 nostro
830 2597 890 2656 res
918 2572 1030 2657 aliter
1047 2568 1089 2659 se
1117 2575 1242 2664 habet
1266 2609 1281 2656 .·
1337 2581 1493 2691 Speus-

186 2709 293 2772 tores
316 2685 421 2769 enim
451 2687 493 2767 in
525 2684 683 2768 Tellure
712 2709 894 2784 omnes,
940 2685 1085 2772 eodem
1118 2690 1305 2802 temporis
1346 2697 1491 2807 pundo
1663 2767 1670 2780 .

186 2797 353 2906 ejusdem
383 2795 658 2910 magnitudinis
682 2797 785 2880 Solis
810 2795 976 2910 Eclipsm
995 2798 1086 2914 paffi
1099 2859 1114 2899 ‚
1139 2805 1180 2888 in
1205 2801 1492 2909 hujulinodili-

185 2941 261 3000 nea
284 2917 424 3022 jacent.
484 2913 634 2996 Verum
664 2912 746 3016 ejus
772 2909 1049 2998 determinatio
1073 2941 1157 3000 non
1179 2919 1234 3004 eil
1255 2917 1368 3027 hujus
1394 2921 1491 3023 loci,

184 3055 257 3116 nec
274 3029 327 3112 ad
348 3025 638 3112 Astronomiam
662 3025 820 3138 proprie
846 3026 1032 3138 pertinet.

242 3142 434 3228 Distentis
467 3139 757 3249 veroproxims
780 3143 881 3224 inter
910 3141 1174 3230 Luminan'um
1209 3169 1342 3238 centra
1368 3175 1494 3265 prope

184 3254 450 3342 Nouiluniurn
482 3281 535 3338 ex
556 3258 684 3336 Terrae
710 3278 856 3338 centron
873 3249 952 3358 uisa
981 3257 1244 3370 investiganda
1264 3262 1318 3344 est
1346 3265 1494 3352 eodem
1585 3309 1589 3316 ·

184 3367 337 3484 prorsus
369 3365 497 3450 modo
519 3423 540 3464 ,.
582 3391 665 3477 quo
703 3366 892 3452 dmum·
905 3371 1086 3480 proxima
1114 3374 1219 3458 inter
1247 3375 1366 3460 Lunae
1389 3379 1492 3464 Um·

182 3485 341 3600 bneque
370 3479 572 3567 Terrestris
602 3505 735 3596 cvtra
767 3509 891 3594 prope
914 3485 1174 3572 Plenilunium
1207 3489 1323 3600 Prop.
1346 3519 1491 3576 xxxv.

184 3599 347 3686 inventa
384 3599 437 3680 est
469 3625 492 3684 s·
527 3621 671 3704 nempe
719 3595 738 3702 (
771 3621 839 3706 per
860 3599 976 3709 Prop.
1011 3603 1204 3712 xxxi..)
1248 3603 1492 3692 inveniendo

184 3711 487 3819 Conjundionis
527 3733 628 3790 verae
662 3706 764 3790 dato.
801 3705 934 3792 Mense
982 3715 1244 3828 'contingentis
1287 3722 1491 3832 Tempus,
1511 3711 1562 3795 ¹²⁶1·
1578 3730 1608 3786 ⁷·

215 3827 344 3914 nando
377 3821 428 3908 sc.
454 3825 566 3908 Luna
594 3821 783 3932 reperitur
812 3822 852 3904 in
885 3849 915 3906 u
942 3825 1035 3909 Sole
1064 3828 1104 3910 in
1135 3857 1153 3910 s
1185 3824 1391 3930 vernnte,
1420 3861 1493 3944 po·

184 3857 257 4024 iro
295 3964 365 4024 su
393 3935 625 4022 latitudinis
656 3933 832 4032 circulo,
862 3937 902 4018 dt
926 3937 986 4020 ad·
1002 3939 1105 4022 idem
1124 3947 1298 4054 Tempus
1320 3973 1492 4057 quarm

185 4055 242 4136 do
270 4055 357 4138 loct
383 4051 599 4136 Nodorum
629 4051 772 4144 ωηατ,
797 4049 1053 4163 quonimipsr
1071 4078 1096 4133 s·
1118 4057 1314 4163 proximus
1340 4057 1386 4143 srt
1412 4069 1490 4162 ξι,

183 4193 228 4252 ut
253 4171 291 4249 dt
317 4166 612 4250 lnclinmionem
643 4161 794 4244 Orbirae
821 4163 978 4246 Lunan's
1006 4164 1059 4247 ad
1094 4169 1360 4282 Eclipticam:
1400 4201 1485 4286 quo
1563 4265 1565 4270 ,

183 4285 299 4393 pado
329 4284 368 4364 in
403 4277 596 4390 triangulo
618 4270 799 4388 sphoerioo
825 4285 906 4378 „ses
922 4299 955 4362 rs
969 4283 1202 4393 redangulo.
1224 4283 1284 4368 ad·-
1302 4313 1328 4370 s
1345 4283 1487 4374 dannrr

184 4403 272 4498 ῥὶς
303 4383 492 4480 Diuanria
518 4389 634 4476 Nodi
670 4393 709 4474 dc
738 4389 839 4472 Solis
871 4449 886 4490 ,
927 4395 968 4476 dr
1002 4401 1171 4506 angulus
1193 4407 1247 4500 θῇ,
1281 4401 1493 4488 Inclinatio

184 4509 345 4592 lunaris
391 4507 539 4589 Orbirae
569 4504 623 4588 ad
649 4503 877 4624 Ecliptioum
918 4537 934 4596 s
980 4509 1088 4592 unde
1108 4512 1364 4600 invenientur
1383 4516 1485 4602 latus

184 4645 252 4708 sn
277 4615 515 4736 angululque
543 4641 592 4704 u.
644 4618 787 4728 Rurlus
813 4675 837 4720 „
868 4617 911 4706 in
950 4623 1285 4760 qimln'm
1329 4629 1499 4740 (quod.

1366 4769 1483 4860 9¹01*
