4322 5686
738 603 812 687 750
931 520 1872 662 Asruouourrc'rrrrsrcae

740 713 924 800 Coelcstia
962 715 1093 796 omnia
1132 705 1250 820 spatio
1291 709 1570 838 Nysclrthemeri
1606 709 1656 792 ab
1684 735 1771 792 ortu
1804 711 1863 839 in·
1882 701 2059 838 occafirm

740 813 1520 1036 ‘illlumllrlssllislzzlzlr
1561 847 1657 1009 leel
1677 819 1917 1015 rii‘i'il
1937 843 2063 1048 ilii}

741 1039 806 1121 vel
833 1033 981 1121 Saturni
1011 1036 1214 1131 Satellite,
1259 1035 1485 1118 Coelestium
1522 1033 1689 1136 (Volvri
1714 1032 1972 1128 inferiomm)
1999 1033 2063 1112 alr·

739 1174 819 1257 qua
847 1173 915 1254 per
942 1147 1105 1254 primum
1132 1142 1282 1224 Mobile
1311 1145 1647 1255 circumaguntur,
1691 1144 1818 1254 aliquo
1848 1169 1930 1224 non
1959 1141 2063 1222 item.

695 1257 721 1308 ·'··
739 1259 863 1338 Porro
890 1312 903 1351 ,
945 1249 994 1334 ad
1026 1247 1209 1334 secundos
1238 1275 1367 1334 motus
1393 1249 1707 1334 demonstrandos
1734 1249 1914 1332 adhibere
1942 1275 2062 1358 opor·

741 1385 796 1446 tet
823 1358 1082 1459 Deserentes,
1122 1360 1337 1469 Epycyclos
1366 1363 1406 1441 ἃ
1434 1359 1717 1470 Epicycloli‘
1769 1359 1883 1455 clos,
1924 1362 1965 1440 ἃ
1995 1359 2066 1438 bos

740 1497 876 1554 omnes
919 1493 1064 1554 mutare
1098 1465 1226 1576 sapius
1263 1465 1407 1550 necelle
1443 1468 1602 1551 habebit
1714 1493 1916 1555 onomusr
1962 1465 2067 1550 unde

741 1579 796 1661 illi
829 1577 1000 1685 Systema
1032 1578 1196 1660 maxime
1224 1575 1475 1686 compofittuu
1503 1580 1606 1673 erit,
1648 1581 1688 1658 δι
1726 1575 1888 1657 calculus
1914 1574 2068 1656 intrica-

688 1763 692 1772 .
742 1683 906 1770 tillimus.
963 1683 1018 1766 At
1034 1683 1325 1796 'Geographiam
1354 1689 1394 1765 dc
1422 1685 1728 1798 Navigationem
1753 1680 1911 1766 feliciter
1938 1709 2070 1764 excer-

742 1795 878 1879 tebit:
922 1793 1297 1905 preterquamenim
1325 1792 1434 1904 quod
1461 1795 1593 1876 omnia
1619 1821 1668 1876 ex
1695 1792 1920 1876 Geometria
1947 1790 2067 1900 petita

742 1899 902 1986 sublidia
930 1899 1143 1997 adbibere,
1172 1900 1357 2011 quodque
1390 1901 1646 1985 Latitudinem
1675 1902 1753 1984 loci
1781 1894 1944 2004 cujusvis
1973 1896 2068 1980 fimi·

742 2013 828 2094 liter
862 2011 1061 2121 exquirere
1095 2005 1204 2120 pollit
1240 2033 1357 2113 atque
1390 2037 1462 2092 nos
1479 2011 1733 2106 nostrorum,
1768 2005 2067 2118 longitudinem

741 2119 1010 2202 dMeridiano
1038 2118 1207 2199 immotae
1235 2117 1376 2197 Volvae
1407 2112 1573 2220 subjecto
1601 2147 1690 2200 com
1717 2117 1841 2200 utabit
1876 2176 1889 2213 ‚
1931 2121 1972 2198 δι
2001 2115 2068 2194 Di·

740 2227 918 2310 stantiam
945 2224 1147 2308 Meridiani
1175 2219 1333 2328 cujusvis
1355 2224 1461 2324 loci,
1489 2227 1529 2307 in
1547 2147 1833 2309 Subvoii'arum
1849 2216 2067 2332 hemisphe-

646 2385 649 2392 ·
743 2336 836 2432 rio,
876 2331 900 2417 ὲ
937 2335 1061 2444 primo
1103 2331 1320 2416 Meridiano
1347 2333 1568 2418 immediate
1595 2332 1848 2423 observabitr
1888 2331 2065 2443 quodin

741 2443 900 2525 Planeta
927 2442 1105 2550 primario
1134 2467 1240 2552 aeque
1266 2442 1366 2526 bene
1394 2471 1473 2525 non
1501 2443 1713 2556 procedit,
1760 2469 1898 2552 nempe
1926 2442 1990 2524 mi
2012 2443 2066 2524 ni·

742 2551 798 2633 bil
824 2555 1026 2633 immonun
1052 2552 1091 2632 in
1120 2551 1244 2632 Coelis
1273 2551 1325 2632 est
1354 2575 1487 2659 praeter
1514 2553 1632 2636 Polos
1660 2553 1770 2662 primi
1791 2547 1919 2634 motus
1953 2557 2066 2633 Hac

732 2660 916 2873 imin?
944 2655 1276 2848 acfceuratill'rmetin
1304 2659 1413 2764 Jovis
1440 2661 1651 2789 Satellitum
1678 2663 1812 2774 aliquo
1840 2656 1940 2784 fiunt
1961 2659 2064 2850 ig

760 2795 792 2848 c.
863 2795 889 2849 o
905 2793 956 2847 va
1021 2794 1060 2849 re
1087 2791 1249 2848 rmmoa
1281 2793 1410 2850 manet
1441 2801 1452 2859 ς
1497 2797 1653 2852 numme
1689 2791 1862 2852 accurate
1888 2795 1948 2849 ιιι·

743 2873 870 2958 nostra
904 2932 919 2970 ,
976 2873 1036 2955 cui
1078 2874 1210 2956 Volva
1247 2903 1327 2958 non
1366 2901 1514 2960 tantun
1554 2878 1595 2960 in
1634 2877 1870 2962 latitudinem
1908 2875 2065 2960 libratur

746 2985 815 3080 (ut
854 2979 986 3061 incolis
1028 2983 1218 3064 Lunarum
1257 2986 1514 3068 Satumiarum
1537 2987 1755 3114 contingit)
1776 2979 1854 3066 'sed
1881 2986 2065 3068 etiarniu

746 3087 1064 3277 lonprtudinemr
1117 3089 1217 3171 adeo
1245 3115 1287 3172 ut
1313 3093 1364 3174 ad
1391 3095 1684 3206 Longitudmem
1711 3093 1788 3176 loci
1834 3095 1994 3177 Lunaria
2020 3123 2063 3176 ex

579 3231 585 3242 ⁴
734 3199 813 3278 ·Vo
828 3223 887 3277 vae
915 3193 1183 3280 observatione
1210 3198 1474 3284 deducendam
1501 3229 1598 3330 opus
1625 3200 1669 3284 stt
1703 3197 1851 3285 theorii
1879 3203 2065 3286 Libratio-

745 3305 802 3387 nis
831 3303 983 3388 Volvae.
1050 3307 1204 3402 Porro,
1229 3333 1297 3414 per
1322 3303 1607 3393 observationes
1632 3312 1673 3391 in
1700 3307 1855 3393 diverfis
1882 3309 2065 3393 domicilii

733 3407 799 3495 ¹sui
825 3411 920 3493 locis
947 3408 1086 3494 eodem
1115 3438 1314 3497 momento
1341 3413 1489 3518 fodias,
1533 3419 1674 3502 Volvae
1700 3417 1941 3530 aliorumque
1968 3419 2066 3504 Vol·

745 3546 805 3601 vae
845 3519 1046 3602 Comitum
1087 3520 1283 3605 Distantiae
1311 3525 1536 3624 elicientur,
1583 3553 1667 3637 quae
1705 3553 1804 3638 aegre
1823 3527 1938 3610 aliter
1965 3522 2067 3626 (niu

746 3623 848 3710 forte
889 3655 937 3708 ex
971 3626 1085 3709 valde
1113 3624 1262 3712 diversa
1289 3633 1556 3744 Magnitudine
1582 3659 1790 3744 apparente
1816 3636 1957 3718 lronr'rn
1987 3638 2067 3720 Co·

745 3734 909 3830 mitum)
938 3735 1185 3834 constarent,
1235 3741 1337 3823 unde
1374 3741 1575 3826 Comiium
1609 3767 1740 3825 motus
1768 3745 1860 3824 ci'rca
1888 3743 2064 3826 Volvam

745 3836 953 3969 elucescet5
996 3844 1142 3953 eritque
1189 3845 1251 3928 hic
1291 3849 1431 3958 primus
1473 3852 1612 3976 gradru
1649 3850 1700 3932 ad
1737 3849 1814 3932 veri
1840 3848 2065 3956 Syllematir

745 3975 1085 4185 biffiobedderis
1099 3954 1645 4150 lditandieiichuarfiiimdircdabbeiearsn
1660 3954 2063 4164 'Teidioliiuffl

745 4161 874 4247 locum
902 4165 964 4247 luc
990 4194 1070 4250 non
1098 4167 1257 4269 habet·
1536 4183 1541 4194 '
1772 4183 1806 4248 .'
1941 4249 1946 4255 .

666 4299 672 4310 ·
800 4271 841 4351 Si
877 4273 1031 4390 tandem
1072 4275 1248 4360 satellitis
1286 4279 1440 4387 alicujus
1477 4281 1604 4366 incola
1644 4279 1832 4366 domicilii
1868 4277 1926 4365 sui
1959 4285 2061 4364 ciria

744 4375 948 4482 yonam,
989 4385 1030 4482 ἃ
1059 4381 1198 4470 Volvae
1225 4387 1323 4477 circa
1346 4389 1480 4478 solen
1504 4399 1655 4478 motum
1675 4385 1862 4502 agnoscat
1881 4423 1915 4490 5¹·
1935 4384 2061 4580 ibe&

726 4529 750 4558 ·-
1278 4563 1285 4574 .
1911 4521 1939 4578 0
1964 4513 2063 4578 unet
