4420 5692
730 632 805 711 su
950 607 1875 702 astronomia-rursm
1936 669 1957 707 ,,

539 773 604 842 za·
624 777 791 844 ramus
814 747 893 852 &ait
917 775 1092 855 ‚cosmas
1117 749 1146 834 st
1173 753 1241 838 Vis
1270 753 1337 842 illa
1352 752 1392 834 in
1415 751 1602 836 Primario
1627 776 1854 862 augeretur,
1875 752 2035 840 accede·

548 857 602 946 Εἰ·
622 872 649 914 ²·
729 891 788 949 ret
823 866 1032 978 propiusr.-
1056 863 1200 949 Aueii'
1215 866 1331 980 igitur
1361 864 1514 970 astione
1541 870 1716 978 corporis
1752 867 1895 952 Solaris
1920 895 1939 952 s
1964 895 2034 979 per.

721 974 910 1063 acoelsum
941 979 1109 1062 Primarii
1134 1007 1161 1078 s
1191 979 1242 1064 ad
1271 979 1369 1062 illud
1377 1037 1391 1078 ,
1435 978 1638 1089 augebitur
1667 980 1734 1064 Vis
1760 979 1957 1079 ablatitia,
1990 987 2028 1064 dc

665 1097 668 1106 '
724 1089 1004 1204 consequenter
1035 1095 1221 1204 paulatim
1247 1095 1441 1176 minuetur
1470 1093 1641 1180 Primatii
1666 1121 1692 1176 τ
1717 1093 1785 1177 Vis
1810 1095 2028 1193 attrahens,

722 1211 992 1320 &propterea
1025 1206 1228 1315 augebitur
1254 1207 1438 1290 Satellitis
1477 1206 1654 1289 distantia
1680 1233 1775 1294 rus
1801 1212 1841 1290 δι
1875 1205 1897 1290 ὲ
1938 1233 2030 1294 con·

723 1345 827 1415 tta„,
857 1317 1046 1403 diminuti
1074 1321 1225 1405 abbione
1254 1319 1404 1432 ipsiuss
1434 1344 1504 1429 per
1525 1315 1707 1402 recessum
1732 1318 1902 1402 Primarii
1931 1347 1958 1400 τ
1979 1321 2027 1403 ab

720 1431 886 1529 eodem,
920 1433 1112 1516 minuetur
1159 1432 1267 1516 simul
1305 1460 1335 1516 u
1358 1460 1412 1529 u,
1454 1426 1650 1544 rursusque
1682 1433 1883 1545 augebitur
1918 1432 2029 1542 ipsius
2152 1455 2158 1476 ·

722 1539 751 1628 τ’
791 1543 864 1626 Vis‘
898 1546 1127 1643 attrahens,
1147 1545 1410 1658 .accedetque
1447 1542 1571 1628 rursus
1620 1547 1782 1630 Satelles
1809 1545 1858 1628 ad
1892 1547 2030 1628 Prima·

718 1657 834 1742 rium.
894 1657 1030 1772 Atque
1059 1658 1140 1742 haec
1171 1687 1240 1772 per
1264 1660 1371 1752 vices
1407 1659 1637 1768 contingent
1655 1692 1673 1736 .·.
1707 1657 1892 1744 satellitis
1925 1677 2045 1742 nem:

722 1797 774 1884 pc
816 1769 956 1854 Orbita
1002 1769 1227 1856 dilatabitur
1264 1771 1449 1858 Primario
1496 1772 1726 1856 Peribelium
1772 1795 2025 1882 occupante,

554 1989 560 2002 Ι
588 1957 623 1970 .,
727 1889 769 1966 &
795 1885 1046 1968 contrahetur
1070 1882 1190 1969 rursus
1220 1887 1361 1970 eodem
1385 1885 1436 1969 ad
1465 1885 1677 1996 Aphelium
1702 1883 1899 1968 redeunte.
1939 1887 2028 1968 Por·

543 1991 546 2001 ’
683 2099 688 2104 ¹
721 2025 796 2092 το,
831 1999 900 2080 Vis
933 1997 970 2076 in
998 1997 1181 2080 Primario
1205 2001 1400 2084 attrahens
1436 2023 1460 2078 1.
1495 1998 1531 2080 in
1559 1996 1716 2080 diverfis
1745 1996 1929 2080 distantiis
1959 2023 2028 2107 po·

718 2108 861 2206 situm,
899 2107 977 2191 sive
1001 2113 1072 2193 Vis
1110 2114 1321 2223 centripeta
1356 2111 1540 2197 Satellitis
1566 2138 1595 2193 n
1625 2106 1755 2196 versus
1775 2137 1825 2208 τ,
1851 2111 1903 2192 est
1928 2109 2027 2221 (per

703 2228 837 2334 ·Prop.
874 2247 1018 2304 xxvi.
1051 2223 1136 2306 Lib.
1179 2229 1251 2334 1.)
1284 2229 1323 2308 in
1367 2229 1521 2310 ratione
1556 2223 1772 2337 composita
1800 2251 1848 2308 ex
1878 2223 2027 2306 tatione

721 2334 880 2446 simplici
911 2335 1106 2418 radiorum
1151 2338 1294 2420 diredle
1326 2344 1366 2420 &
1405 2343 1557 2422 ratione
1592 2337 1787 2449 duplicata
1826 2338 2024 2447 Temporis

720 2447 909 2560 periodici
937 2449 1048 2559 ipfius
1077 2477 1102 2532 L
1136 2452 1236 2534 circa
1271 2477 1296 2532 τ
1327 2446 1507 2536 inverse:
1547 2449 1729 2562 adeoque
1754 2448 1781 2533 st
1802 2449 1928 2532 radius
1950 2476 2027 2532 ma·

716 2583 810 2646 neat
835 2565 964 2660 idem,
996 2559 1143 2648 inversa
1179 2565 1279 2648 ratio
1305 2564 1499 2678 duplicata
1524 2565 1728 2674 Temporis
1752 2561 1941 2674 periodici
1969 2589 2031 2645 ea·

719 2675 810 2757 dem
849 2679 904 2759 eil
945 2705 1032 2758 curn
1075 2679 1227 2761 ratione
1266 2681 1335 2762 Vis
1368 2680 1600 2786 -centripetae
1637 2677 1821 2761 Satellitis
1853 2703 1913 2763 us
1953 2675 2027 2756 hoc

716 2790 797 2882 esi,
836 2787 1068 2899 quadratum
1108 2793 1318 2902 ·Temporis
1363 2791 1556 2901 periodici
1594 2814 1754 2901 augetur
1801 2789 1841 2870 in
1887 2788 2022 2871 eadem

720 2900 873 2983 tatione
902 2929 980 3013 qua
1029 2903 1096 2983 Vis
1141 2902 1209 2985 illa
1246 2905 1460 3014 centtipeta
1505 2903 1758 2999 diminuitur,
1798 2899 1888 2984 stne.
1911 2897 2026 3014 ipsum

719 3017 891 3124 Tempus
918 3013 1159 3125 periodicum
1180 3040 1347 3127 ‚augetur
1378 3017 1417 3099 in
1460 3015 1726 3130 subduplicata
1769 3015 1919 3099 ratione
1951 3037 2026 3126 qut

717 3119 823 3208 diua
853 3128 921 3208 Vis
947 3129 1159 3238 centripeta
1181 3129 1431 3222 diminuiturs
1463 3137 1502 3214 δι
1529 3129 1744 3227 econtra,
1779 3130 1950 3238 Tempus
1963 3153 2029 3238 pe·

720 3237 912 3348 tiodicum
934 3241 1158 3325 diminuitur
1180 3243 1219 3325 in
1252 3239 1519 3356 subduplicata
1553 3245 1706 3327 ratione
1735 3267 1813 3354 qua
1847 3241 1914 3324 Vis
1938 3229 2027 3323 'cen-

714 3353 859 3466 ttipeta
887 3379 1059 3466 augetur.
1118 3357 1305 3468 Cumque
1340 3383 1523 3469 praterea
1552 3384 1597 3440 ea
1625 3335 1669 3438 dt
1695 3358 1760 3440 lex
1792 3354 2028 3438 attradtionis

718 3464 759 3546 in
787 3467 976 3551 Primario
1008 3497 1063 3568 τ,
1097 3466 1176 3560 sive
1211 3473 1282 3554 Vis
1317 3475 1536 3582 centripetae
1561 3469 1602 3553 in
1621 3468 1796 3552 satellite
1824 3493 1875 3563 n,
1913 3491 1958 3549 ut
1985 3463 2029 3546 fit

724 3580 923 3690 reciproce
956 3606 999 3664 ut
1027 3581 1258 3695 quadratum
1288 3583 1386 3668 radii
1414 3609 1515 3682 tu,
1553 3585 1686 3667 &Vis
1715 3606 1895 3663 extranea
1923 3579 2029 3661 abla-

725 3676 809 3775 titia
836 3691 880 3775 fit
909 3695 1019 3798 hujus
1038 3691 1206 3806 respedlu
1230 3726 1350 3810 parva
1385 3697 1628 3783 admodumr
1666 3693 1733 3775 Vis
1757 3693 1927 3803 reliquas
1953 3685 2030 3802 qui

723 3819 750 3888 r„
781 3803 991 3892 etiamnum
1017 3806 1147 3893 versus
1179 3841 1206 3894 τ
1231 3813 1384 3908 tendit,
1418 3813 1472 3893 est
1508 3809 1655 3894 sercin
1692 3805 1887 3916 duplicata
1915 3806 2029 3886 ratio·

722 3947 774 4002 ne
799 3920 994 4004 radiorum
1019 3915 1191 4013 inverse;
1229 3925 1410 4034 adeoque
1443 3923 1459 4030 (
1492 3950 1560 4034 per
1594 3912 1708 4031 Prop.
1744 3936 1907 4000 xxv11.
1937 3916 2023 3998 Lib.

726 4029 797 4133 1.)
840 4059 1019 4116 manente
1058 4033 1196 4116 eidem
1242 4030 1418 4116 absoluta
1456 4035 1506 4116 Vi
1548 4033 1763 4118 attrablrice
1796 4029 1837 4112 in
1873 4057 1931 4128 τ,
1966 4024 2029 4112 sed

725 4165 877 4226 mutato
906 4167 1106 4256 utcunque
1136 4143 1269 4240 radio,
1310 4148 1510 4252 Quadrata
1540 4153 1779 4258 Temporum
1811 4143 2029 4254 periodico·

725 4261 811 4336 lum
847 4249 931 4340 sunt
965 4283 1008 4341 ut
1046 4257 1153 4340 Cubi
1181 4258 1403 4359 radiorum,
1451 4260 1600 4374 &ipsa
1632 4253 1799 4371 proinde
1835 4263 2028 4369 Tempora

723 4366 922 4478 periodica
949 4370 989 4451 in
1026 4366 1286 4482 sesquiplicata
1313 4377 1463 4460 ratione
1497 4375 1706 4458 radiorum.
1764 4369 1886 4480 igitur
1911 4369 1937 4451 st
1964 4395 2029 4451 ne-

724 4493 804 4592 que
830 4507 984 4566 maneat
1009 4486 1145 4568 eadem
1181 4486 1251 4568 Vis
1275 4490 1471 4574 attrabirix
1501 4490 1542 4570 in
1578 4483 1761 4568 Primario
1794 4511 1843 4582 τ,
1873 4477 1938 4566 sed
1961 4508 2029 4592 per

720 4597 917 4698 saionem
953 4597 1055 4683 Solis
1084 4627 1103 4686 s
1130 4625 1314 4722 augeatur
1341 4604 1422 4688 haec
1460 4606 1500 4684 dt
1536 4599 1771 4686 diminuatur
1811 4623 1882 4712 pet
1922 4597 2028 4679 uices

730 4731 737 4740 ·
1225 4757 1229 4766 ·
1902 4733 2029 4822 neque
