4420 5692
731 635 797 700 500
935 599 1479 683 arraona-nra
1526 575 1870 674 μεινεκε

727 740 918 854 pendens.
976 742 1183 841 Similiter,
1203 742 1294 856 quia
1309 766 1388 826 tam
1415 741 1518 824 Solis
1538 742 1664 826 Locus
1685 767 1801 824 vetus
1829 765 1946 854 quam
1959 739 2033 833 lui

724 883 783 938 nae
816 862 943 940 Lotus
968 885 1091 969 prope
1123 884 1237 940 vetus
1280 851 1553 952 innotescunt,
1591 849 1873 958 innotescit&
1912 858 2028 938 Lunae

723 969 775 1052 ad
798 972 931 1052 Solem
958 967 1170 1084 Aspedlus,
1206 969 1378 1080 indeque
1410 968 1575 1080 Apogaei
1610 965 1795 1080 AEquatio
1833 969 2028 1052 Menstrua

723 1083 1027 1194 independens.
1086 1089 1135 1166 Et
1165 1085 1263 1167 datae
1293 1091 1417 1166 Terrae
1447 1083 1667 1166 Anomaliae
1700 1081 1836 1165 mediae
1875 1081 1893 1189 (
1925 1083 2028 1192 prius

723 1197 774 1280 ad
807 1198 909 1278 Solis
942 1202 1089 1282 Locum
1124 1198 1459 1282 determinandum
1485 1195 1738 1304 necessariae)
1770 1221 1940 1307 congrua
1973 1196 2027 1276 in-

721 1313 923 1408 venietur,
965 1315 1006 1395 in
1050 1303 1163 1395 tertia
1205 1312 1370 1424 Apogaei
1406 1309 1584 1422 aeq'uandi
1616 1311 1796 1404 Tabula,
1842 1308 2025 1422 AEquatio

720 1423 889 1537 Apogai
917 1431 1072 1509 Annua.
1133 1426 1269 1539 Atque
1296 1427 1481 1535 AEquatio
1517 1423 1599 1507 haec
1633 1425 1687 1510 est
1719 1451 1813 1507 vere
1855 1430 2024 1521 Annua,

721 1537 746 1621 ὲ
772 1538 937 1622 Telluris
969 1539 1134 1652 periodo
1167 1542 1268 1623 circa
1295 1541 1428 1622 Solem
1463 1537 1667 1651 pendens:
1693 1541 1897 1649 Perpetam
1925 1537 2026 1619 enim

721 1652 844 1764 prima
885 1653 982 1751 illa,
1025 1653 1201 1763 pendens
1243 1655 1292 1766 ab
1335 1649 1501 1764 Aspeetu
1539 1653 1702 1779 Apogaei
1744 1651 1902 1736 lunaris
1938 1677 2025 1736 cunt

720 1769 847 1863 Sole,
879 1767 1022 1864 Annua
1046 1765 1069 1851 l
1089 1764 1317 1879 quibusdam
1339 1769 1578 1882 appellatur,
1611 1792 1699 1850 cum
1734 1792 1815 1846 non
1845 1764 1912 1847 nist
1942 1763 2026 1875 post

720 1905 807 1977 400
852 1879 934 1964 dies
982 1877 1205 1964 absolvatur
1246 1885 1326 1986 ejus
1364 1881 1583 1994 ‘periodust
1620 1881 1715 1963 Sole
1751 1905 1893 1988 nempe
1930 1876 2025 1959 istud

720 2020 875 2106 tempus
909 1999 1130 2108 requirente
1165 2021 1208 2080 ut
1249 1991 1431 2108 digressus
1462 1995 1512 2080 ab
1543 1996 1723 2108 Apogaeo
1756 1992 1896 2078 Lunari
1931 1990 2025 2074 illud
2181 2079 2182 2094 q

719 2109 760 2192 in
796 2105 1072 2223 consequentia
1113 2137 1264 2194 motum
1300 2109 1432 2194 denuo
1475 2104 1702 2221 assequatur.
1769 2106 2026 2188 Similiter&
2181 2107 2182 2172 ἔ

718 2222 837 2306 Orbis
873 2209 1035 2309 Lunaris'
1056 2227 1332 2309 Excentricitas
1347 2282 1361 2323 ,
1392 2253 1440 2307 ex
1467 2223 1562 2307 dato
1595 2221 1761 2336 Apogaei
1792 2215 1960 2332 Aspeciu
1975 2217 2025 2300 ad

726 2337 861 2422 Solem
889 2366 937 2421 ex
967 2337 1117 2423 Tabula
1148 2362 1356 2452 excerpta,
1390 2365 1460 2454 pet
1488 2337 1764 2452 AEquationem
1797 2334 2025 2418 Menstruam

723 2454 768 2532 dt
800 2452 982 2548 Armuam
1012 2453 1228 2566 corrigitur.
1394 2457 1398 2464 ’

784 2567 954 2651 Invento
997 2567 1113 2681 igitur
1141 2569 1300 2654 lunaris
1335 2567 1501 2682 Apogaei
1548 2571 1659 2654 Loco
1696 2592 1794 2652 vero
1833 2567 2025 2678 lunaequt

727 2681 858 2764 medio
888 2681 1013 2792 primo
1056 2688 1257 2782 correcto,
1303 2683 1374 2767 illo
1407 2686 1457 2766 ab
1492 2683 1571 2766 hoc
1598 2678 1810 2777 subducto,
1847 2681 2026 2791 relinqui·

648 2827 651 2834 ·
725 2817 792 2876 tur
822 2796 937 2876 Lunae
967 2794 1160 2880 Distantia
1194 2795 1321 2880 media
1351 2794 1374 2878 ai
1403 2791 1471 2879 suo
1510 2795 1689 2910 Apogaeo
1724 2796 1764 2877 in
1797 2788 2027 2906 consequen·

728 2907 783 2990 tia
820 2931 1050 3004 numerata,
1087 2905 1165 2991 five
1201 2912 1315 2994 Lunae
1346 2908 1555 2994 Anomalia
1586 2908 1739 2998 mediat
1769 2909 1831 2991 cui
1859 2906 1876 3015 (
1900 2907 1938 2990 in
1958 2913 2027 2994 Ta-

727 3019 820 3104 bula
844 3032 881 3116 δ.
904 3031 944 3108 6.
970 3026 1085 3130 Prop.
1115 3046 1251 3111 xxvl.
1283 3024 1301 3134 )
1340 3025 1559 3108 invenietur
1580 3019 1911 3134 Proluaphaerefis
1937 3048 2027 3104 con·

727 3160 823 3245 gtua
849 3162 923 3246 pro
953 3133 1101 3218 Orbitae
1138 3137 1437 3222 Excentricitate
1464 3139 1566 3250 prius
1597 3138 1782 3232 inventa,
1813 3163 1882 3247 per
1912 3161 2026 3245 quarn

727 3251 846 3334 Lunae
880 3252 1007 3333 Locus
1033 3247 1207 3350 medius,
1233 3255 1358 3364 primo
1392 3256 1611 3351 correctus,
1647 3251 1779 3334 denuo
1803 3248 2028 3333 terrificatus

724 3362 928 3448 exhibebit
963 3367 1080 3478 lunae
1118 3370 1268 3452 Locum
1306 3365 1610 3466 correctiorem,
1630 3359 1861 3479 quibusdam
1891 3353 2028 3471 κῦμα·
2159 3363 2181 3444 s

725 3498 806 3560 tum
839 3476 995 3561 dietum.

783 3593 842 3672 Ex
862 3593 985 3677 modo
1002 3596 1167 3681 invento
1184 3598 1300 3680 lunae
1314 3597 1622 3709 LocoAEquato,
1647 3595 1688 3678 δι
1710 3591 1884 3677 omnium
1903 3587 2027 3703 primo
2180 3583 2181 3612 ¹

724 3700 985 3791 'determinato
1004 3712 1104 3794 Solis
1123 3715 1233 3794 Loto
1257 3767 1270 3809 ,
1292 3705 1477 3822 arpertus
1507 3709 1662 3793 Solis&
1680 3710 1795 3793 Lunae
1820 3732 1925 3790 nunc
1941 3699 2026 3786 satis

707 3822 930 3916 ,norusest,
952 3826 993 3904 δε
1008 3826 1096 3906 hinc
1111 3825 1285 3936 pendens
1313 3826 1488 3907 Variatio
1524 3852 1573 3906 ex
1598 3821 1746 3907 Tabula
1772 3820 1860 3927 (de
1880 3845 1957 3932 qua
1989 3827 2024 3916 ς.

723 3953 767 4038 7.
796 3938 1058 4042 Prop.xxv1.
1085 3945 1210 4020 aetum
1225 3941 1278 4019 est
1298 3947 1315 4039 )
1334 3935 1576 4024 innotescetr
1593 3932 1657 4019 sed
1677 3936 1756 4020 hac
1779 3929 1857 4047 ipsa
1880 3931 2023 4044 duplici

584 4131 588 4138 ,
725 4047 1151 4156 ΑἷᾳυαῑῐοηεΑῃηιιᾶ(
1169 4049 1220 4130 de
1233 4049 1374 4160 quibus
1389 4049 1561 4157 ibidem)
1582 4050 1810 4162 corrigenda
1832 4048 2029 4131 culmus

722 4157 839 4238 Lunae
871 4185 1042 4271 aquatus
1071 4189 1140 4272 per
1166 4164 1432 4246 Vatiationem
1462 4163 1511 4247 stc
1540 4169 1752 4249 comedam
1782 4159 2028 4272 corrigendus

719 4269 801 4357 estr
839 4269 1092 4386 exsurgetque
1120 4283 1232 4360 Lunae
1260 4278 1385 4360 locus
1415 4275 1700 4364 corrediilfimus
1728 4280 1769 4363 in
1797 4273 1862 4370 sua
1909 4273 2028 4354 Orbi·

721 4405 788 4479 ta,
835 4383 914 4469 five
948 4383 1116 4499 respectu
1140 4385 1211 4472 suae
1236 4389 1403 4500 Apfidis.

777 4498 846 4582 Ad
864 4498 973 4582 illum
1005 4530 1101 4587 vero
1128 4503 1181 4588 ad
1213 4506 1439 4618 Eclipticam
1467 4497 1756 4601 reducendum,
1787 4502 1914 4616 ptimo
1946 4527 2028 4585 om·

715 4611 827 4710 nium
851 4613 958 4726 ¹Loca
990 4617 1204 4720 Nodorum
1232 4619 1525 4719 determinanda
1542 4617 1644 4720 suun,
1702 4618 1811 4720 Cum
1851 4615 2029 4824 &Lsolb

1933 4753 2028 4817 ocus
