4322 5686
315 551 354 630 (r
382 551 786 630 GEOMTRICAE
817 553 1164 634 utentum.
1192 563 1277 634 Lm
1291 561 1352 635 VI.
1418 577 1512 656 pn

170 681 194 768 ὲ
224 687 344 766 Terra
372 675 465 793 absit
494 709 610 794 quam
639 709 687 768 ut
716 685 816 770 illius
850 686 1024 770 distmtla
1056 706 1104 770 ex
1136 691 1315 800 patellarii
1340 689 1488 774 deliniri

171 817 288 902 queat
327 825 338 871 r
394 795 518 874 lrnmo
566 795 659 876 nihil
693 795 819 878 obstat
852 798 945 906 quin
984 801 1150 880 Martem
1185 793 1291 907 supra
1331 802 1489 906 Jovem,

170 925 237 984 aut
269 905 470 984 Saturnum
503 900 601 984 infra
634 907 832 1002 Martem,
876 904 1079 1004 collocet,
1123 903 1190 990 nist
1213 907 1344 1018 tegula
1373 913 1486 1016 Prop

168 1036 280 1138 prece.
296 1006 449 1136 ‘tradite‘
462 1067 486 1116 ,
535 1015 575 1094 δι
603 1013 683 1096 haec
704 1013 862 1123 quidem
881 1008 1073 1124 sagacitati
1096 1043 1176 1100 non
1199 1016 1491 1100 demensi-rario-

167 1145 207 1201 m
227 1143 367 1201 rnntxa.

220 1228 328 1310 Loca
358 1227 459 1314 Solis
491 1232 742 1341 omniumque
777 1233 1057 1328 Planetarum,
1107 1227 1130 1313 ὲ
1162 1234 1357 1316 Mercurio
1393 1225 1487 1328 visa,

167 1335 308 1440 eodem
340 1336 462 1423 modo
486 1339 794 1436 investioantur,
843 1369 924 1452 quo
946 1369 995 1424 ex
1016 1333 1171 1424 Tellure
1194 1333 1313 1439 visa,
1354 1338 1491 1422 &Ta-

168 1444 343 1550 bularum
374 1448 459 1564 Lib.
499 1471 566 1530 111.
610 1405 880 1558 descrIptarum
911 1477 988 1560 ope
1020 1444 1250 1530 definiuntur
1290 1483 1299 1530 ε
1358 1453 1490 1560 Qum

168 1555 270 1637 enim
300 1583 347 1636 ex
382 1555 455 1638 illis
484 1554 572 1638 loca
599 1556 885 1639 Heliocentrica
913 1585 1000 1639 cum
1028 1557 1210 1638 Mercurii
1232 1579 1314 1636 tum
1335 1555 1487 1638 alterius

168 1657 328 1766 cujusvis
366 1687 544 1774 prompte
580 1663 738 1748 definita
772 1666 1016 1762 habeantur,
1058 1665 1211 1746 alterius
1238 1663 1338 1745 istius
1382 1665 1491 1746 locus

166 1775 502 1856 Hennocentricus
523 1770 725 1856 definietur
751 1801 818 1882 per
846 1776 976 1884 praxin
1003 1775 1109 1880 praxi
1143 1775 1260 1883 Prop.
1296 1795 1367 1854 xt.
1403 1772 1488 1854 Lib.

170 1905 237 1962 111.
272 1877 463 1969 fimilemr
506 1879 613 1990 quod
645 1881 762 1964 &de
789 1881 868 1966 alio
896 1883 1036 1992 quovis
1064 1879 1231 1964 snniliter
1257 1879 1310 1962 est
1338 1905 1488 1977 venun,
1633 1922 1646 1936 =

166 1987 276 2177 puod
305 1983 417 2070 semel
445 1987 628 2073 monuisse
663 1985 817 2073 sufficiat
840 2050 853 2088 ,
894 2019 945 2073 ne
976 1989 1080 2072 idem
1100 1989 1140 2071 in
1163 1985 1492 2099 Proposstionibus

182 2096 319 2207 mgulis
339 2095 548 2178 identidem
572 2097 821 2207 repetendum
841 2097 898 2182 fit.
1032 2157 1034 2164 ·
1235 2168 1239 2176 .

222 2207 495 2301 Cometaruml
521 2205 777 2290 Phaenomena
811 2233 859 2290 ex
893 2209 1088 2291 Mercurio
1121 2265 1135 2306 ,
1183 2207 1313 2289 aliove
1350 2205 1491 2316 quovis

166 2309 406 2412 &Planetis,
446 2308 525 2395 visa
559 2312 695 2396 eadem
728 2314 808 2398 fere
836 2310 921 2398 sunt
944 2345 1031 2400 cum
1051 2315 1204 2398 illorum
1226 2313 1491 2397 Phaenomenis

167 2427 215 2504 'tx
237 2421 392 2505 Telltue
415 2419 500 2504 vifis
520 2480 535 2519 ,
563 2419 614 2504 de
636 2424 774 2533 quibus
795 2424 881 2506 Lib.
907 2423 1067 2535 praeced.
1089 2423 1233 2506 dicum
1254 2423 1329 2512 ests
1368 2439 1493 2530 neque

167 2530 277 2614 aliter
298 2557 414 2642 quam
435 2533 474 2612 in
497 2525 674 2612 mensuris
698 2530 890 2614 differunt.

130 2771 174 2890 χ
292 2767 315 2812 ·
487 2695 1175 2860 PROPOSITIOHI.
1322 2729 1328 2742 '

222 2971 463 3058 Phenrmenae
484 2970 608 3059 Oculo
625 2983 668 3058 in
686 2976 830 3096 Venere
854 2980 1048 3084 constituto
1073 2973 1158 3084 viſse
1172 2973 1382 3082 describere.

167 3181 255 3359 IN
286 3183 440 3266 Venere
471 3182 540 3267 Sol
570 3181 597 3265 d
649 3185 691 3268 lo
714 3184 794 3268 sere
816 3186 965 3266 minore
985 3181 1174 3266 diametro
1202 3205 1357 3290 apparet
1380 3175 1495 3286 quim

168 3293 171 3302 '
232 3289 271 3369 in
292 3292 522 3388 Mercurio,
559 3209 791 3402 &uiescuplo
812 3293 957 3395 majore
983 3288 1098 3400 quim
1122 3290 1144 3370 e
1166 3294 1297 3369 Terra.
1375 3284 1496 3366 Unde

168 3397 269 3479 Solis
305 3393 425 3481 discus
455 3401 611 3482 Venere
638 3401 722 3510 plus
752 3397 874 3509 duplo
896 3400 1019 3500 major
1042 3395 1157 3506 quim
1180 3394 1330 3490 nobis,
1371 3390 1497 3475 smul-

166 3515 170 3528 ‘
222 3532 245 3588 e
281 3508 404 3634 Lupe,
454 3506 577 3592 Calor
611 3503 864 3619 Gravitasque
886 3505 1127 3587 acceleratrix
1149 3500 1198 3586 ad
1220 3500 1350 3585 Solem
1372 3500 1412 3582 in
1434 3525 1497 3581 es·

199 3637 702 3836 endquaffipraiupppppsr.est
733 3722 841 3828 (ejus
866 3743 1005 3832 nempe
1026 3722 1126 3802 circa
1148 3721 1278 3846 Solem
1299 3715 1494 3842 periodus)

173 3831 387 3912 nostrorum
415 3827 597 3912 mensium
624 3827 767 3940 septem
796 3856 883 3912 curn
913 3828 1075 3913 dimidio
1103 3827 1257 3938 equalis
1278 3826 1362 3906 est:
1401 3825 1498 3908 Dtes

128 3977 132 3984 ·
169 3935 272 4020 veri)
294 3939 333 4020 in
356 3941 511 4021 Venere
532 3937 597 4021 die
619 3939 749 4021 noslro
770 3939 897 4021 minor
917 3937 970 4020 est
990 3934 1065 4020 und
1086 3933 1165 4017 sere
1186 3933 1311 4018 Hori.

228 4047 360 4127 Venus
390 4068 558 4155 quatuor
588 4047 708 4129 cernit
739 4045 917 4128 Planctus
942 4043 1184 4155 superiores,
1224 4043 1390 4176 qumut'n
1410 4065 1500 4146 pro

175 4151 268 4234 inde
296 4151 544 4260 phrenomena
575 4149 707 4236 srmilia
738 4149 821 4236 sunt
842 4152 915 4232 illis
937 4155 1104 4248 Martis,
1153 4153 1264 4260 Jovts
1299 4151 1339 4231 dt
1371 4148 1500 4228 Satur-

174 4262 214 4340 ni
245 4258 267 4344 ὲ
297 4263 450 4356 Terra,
498 4264 723 4344 omniumve
761 4258 999 4343 &Merotrio
1034 4258 1133 4343 visis
1211 4256 1342 4342 Tellus
1369 4277 1499 4338 acuent

173 4368 302 4453 flustra
341 4368 382 4452 in
415 4367 516 4454 Solis
565 4365 746 4484 opposito
783 4364 904 4562 risa&
955 4371 999 4450 dc
1041 4381 1225 4480 pernox,
1274 4367 1499 4556 tunplper
