4322 5686
701 567 804 654 .73t
926 535 1869 658 Asrrr'onrorrrstrnrsrcae

689 759 690 764 a
730 697 926 792 Venerem
972 689 1054 771 Soli
1085 685 1326 790 conjundam
1365 687 1404 764 dr
1459 685 1719 797 retrogradam
1759 684 2059 806 esquiqmnm

732 797 892 911 gradum
934 797 1096 879 excedit.
1179 793 1341 893 Porri),
1386 793 1572 878 Lunieola
1611 791 1741 915 iisdem
1765 795 1893 884 modis
1927 802 2061 911 exqui..

733 934 791 990 ret
825 909 989 990 rationes
1031 908 1129 987 inter
1178 903 1419 986 Planetarum
1473 906 1736 1014 primariorum
1785 907 1998 992 Distantias
2038 906 2061 992 ὲ

731 1016 865 1113 Sole,
909 1015 1048 1128 quibus
1076 1012 1312 1102 Terricola3
1369 1013 1470 1094 notis
1498 1013 1594 1098 veru
1622 1014 1857 1122 Distantiis,
1898 1043 1948 1098 ex
1978 1018 2061 1099 Pla.

731 1137 904 1238 'netarum
959 1123 1166 1207 Diametris
1231 1122 1500 1231 apparentibus
1555 1122 1711 1208 illorum
1775 1124 2064 1237 Magnitudines

731 1257 851 1317 eruet.
1395 1279 1398 1284 ·

1056 1423 1598 1528 PROPOSITIO
1645 1425 1780 1530 IX..

783 1643 976 1864 Prch'pup
996 1643 1152 1729 *Telum
1174 1644 1416 1729 Phenomena
1438 1640 1560 1730 Oculo
1578 1652 1621 1728 iu
1643 1639 1763 1728 Luna
1783 1647 1947 1730 collocato
1970 1645 2066 1755 viſst

865 1785 953 1836 ecrt
978 1786 1051 1838 cre.

726 1997 813 2172 IN
851 1997 957 2080 Luna
988 1995 1070 2078 duo
1099 1993 1181 2081 sunt
1205 1991 1477 2108 Hemispharia
1507 1993 1669 2079 omnind
1705 1989 1893 2092 diversa,
1939 1991 2064 2077 immo

722 2186 736 2208 ,
791 2107 1016 2202 contraria,
1064 2101 1231 2216 respedu
1275 2105 1597 2203 Phaenomenun,
1648 2103 1698 2186 de
1735 2103 1872 2214 quibus
1910 2101 2066 2210 Propo·

726 2211 860 2298 sitione
886 2215 960 2320 hac
986 2213 1121 2324 agitur.
1198 2218 1242 2298 in
1264 2213 1384 2296 altero
1406 2215 1509 2296 enim
1530 2215 1643 2296 Lunae
1665 2209 1942 2322 Hemisphaerio
1968 2215 2059 2293 Ter·

724 2350 806 2412 ram
833 2320 1018 2434 perpetui)
1046 2321 1220 2423 vident,
1259 2323 1298 2404 in
1328 2321 1455 2405 altero
1479 2347 1710 2433 nunquamt
1750 2321 1816 2404 nisr
1838 2317 1952 2432 qudd
1971 2347 2059 2434 pro-

723 2459 774 2542 pe
821 2431 958 2515 hotum
1028 2430 1167 2515 limites
1222 2433 1360 2514 tractus
1398 2429 1444 2514 stt
1491 2490 1505 2529 ‚
1574 2433 1682 2536 cujus
1743 2430 1882 2513 incolis
1939 2433 2055 2524 Terra

723 2569 823 2624 nunc
855 2541 1048 2651 paululum
1087 2537 1195 2650 supra
1219 2541 1476 2624 Horizontem
1507 2535 1707 2652 affurgat,
1748 2565 1888 2635 nunc,
1938 2563 2059 2620 retro-

721 2646 843 2762 grella
873 2647 1015 2749 quali,
1069 2644 1142 2731 sub
1169 2647 1333 2734 eundern
1364 2645 1484 2733 rursus
1513 2647 1690 2734 subfidat,
1753 2649 1798 2730 In
1816 2642 2056 2758 Hemisphae·

723 2762 783 2842 rio
822 2760 923 2842 unde
966 2757 1095 2842 Tellus
1136 2758 1329 2858 ridetur,
1375 2761 1459 2842 haec
1499 2762 1541 2842 in
1575 2757 1717 2842 eodem
1762 2755 1871 2840 Coeli
1912 2759 2055 2866 pundo

722 2865 828 2978 quast
859 2869 973 2951 clavo
1004 2863 1112 2950 affixa
1137 2867 1339 2967 cernitur,
1379 2873 1663 2980 (praeterquam
1692 2864 1811 2978 qudd
1834 2862 1930 2947 inde
1965 2889 2055 2976 pau·

722 2977 842 3058 iulum
883 2979 921 3058 in
957 2977 1055 3058 hanc
1098 2978 1165 3060 vel
1197 2977 1303 3059 illam
1340 2999 1488 3084 partem
1516 2977 1710 3074 moueri,
1754 2981 1795 3058 δι
1835 2971 1887 3058 ad
1925 2974 2054 3056 locum

722 3087 890 3194 priorem
918 3109 1028 3166 motu
1054 3083 1254 3168 libratorio
1280 3087 1404 3167 redire
1425 3111 1600 3170 cernatur
1611 3083 1658 3184 ,’)Ι
1683 3085 1775 3167 dum
1800 3082 1955 3168 interint
1977 3079 2056 3194 spa·

720 3195 778 3276 tio
806 3192 1087 3302 Nychthemeri
1116 3194 1184 3278 Sol
1211 3199 1251 3276 δι
1275 3194 1421 3303 reliqua
1444 3196 1589 3300 Sydera
1611 3194 1660 3278 ad
1684 3191 1788 3277 illam
1816 3193 1867 3276 ab
1894 3195 2054 3276 Oriente

719 3301 950 3414 appellunt,
992 3301 1082 3385 inde
1116 3303 1247 3416 postea
1284 3301 1334 3385 ad
1359 3303 1613 3388 Occidentem
1647 3300 1921 3388 transferenda.
2003 3305 2053 3386 Et

719 3412 916 3520 appellens
938 3408 1062 3518 §ydus
1084 3439 1204 3521 prope
1231 3411 1396 3496 Telluris
1424 3415 1463 3495 in
1501 3413 1643 3498 aethere
1672 3409 1883 3525 pendentis
1909 3413 2055 3522 margi-

718 3547 807 3602 nem
837 3549 919 3602 non·
949 3521 1180 3632 extinguitur
1209 3515 1376 3620 subiti),
1422 3517 1488 3604 sed
1520 3523 1705 3633 paulatim
1743 3523 1905 3632 caligine
1941 3518 2054 3632 quali

671 3721 673 3724 ,
719 3623 922 3713 offuscatur
946 3688 959 3726 ‚
1003 3629 1218 3728 &tandem
1247 3629 1330 3737 post
1356 3628 1496 3715 terram
1519 3629 1558 3744 'se
1571 3633 1755 3745 recipiens
1776 3629 1974 3714 Lunicolae
1993 3631 2055 3712 vi-

717 3736 798 3820 deri
825 3735 991 3825 desrnit‚·
1030 3739 1142 3849 quod
1163 3739 1212 3821 ab
1229 3735 1490 3850 Atmosphtrra
1507 3746 1637 3824 Terrae
1656 3733 1876 3827 circumfusa
1910 3765 2053 3848 proce·

716 3844 809 3944 dir,
852 3873 921 3956 pet
946 3874 1059 3958 quarn
1073 3843 1128 3951 sc.
1151 3847 1304 3960 Syderis
1327 3849 1421 3932 radii
1446 3849 1495 3932 ad
1517 3849 1682 3934 Oculum
1704 3849 1902 3978 propagati
1935 3844 2051 3932 suffo—
2084 3890 2104 3931 ο

717 3983 851 4040 cantur
875 3949 967 4039 fere.
1050 3959 1203 4056 Portu,
1249 3957 1347 4040 dieti.
1366 3955 1626 4069 Hemispharrii
1653 3961 1806 4043 Luttarisw
1829 3956 2049 4041 incolarum

715 4059 939 4173 quibusdam
964 4067 1083 4149 Terra
1103 4091 1295 4176 perpetuu
1317 4063 1424 4179 supra
1449 4091 1564 4178 caput
1588 4065 1714 4153 defixa
1737 4066 1962 4157 videbiturr
1990 4091 2050 4149 at-

715 4167 2048 4369 r

1358 4343 1372 4386 2
1773 4345 1787 4384 >

713 4383 1002 4490 adorientem,
1031 4391 1111 4477 aliis
1125 4389 1440 4514 ad'Occidentern
1456 4393 1888 4510 videbitur-declinate,
1916 4394 2044 4581 minpp

833 4567 835 4572 .
1971 4527 1990 4580 ἃ
