4336 5692
694 497 766 564 600
893 470 1431 560 ΔΗΜΝΟΜΙΞ
1490 468 1850 556 aarum„
1898 511 1914 554 ,v
1994 479 2010 578 j

531 651 534 658 ·
698 651 817 824 poam
841 621 953 737 quod
981 622 1083 706 linea
1109 619 1495 735 nigricanslucidum
1512 622 1674 706 Saturni
1704 615 1863 706 Discum
1896 621 2010 704 tran-⁴

728 739 794 847 t,)
830 739 922 849 quia
937 737 1044 820 illam
1075 736 1226 820 Annuli
1247 733 1414 833 faciem,
1435 759 1523 846 quae
1548 737 1650 821 Solis
1687 736 1802 819 radiis
1832 735 2005 846 exponi·

698 845 1033 964 tur,c0nspicere
1051 851 1207 962 nequitr
1233 850 1378 959 quippe
1406 848 1457 932 ab
1490 845 1573 959 ipso
1598 844 1783 932 aversam.
1841 847 2005 928 Obver-

699 961 739 1050 sa
770 964 913 1049 etenim
936 971 1092 1066 Terre,
1119 966 1160 1047 in
1190 964 1268 1048 boc
1294 957 1410 1062 casu,
1443 961 1497 1046 cll
1526 960 1644 1048 facies
1682 963 1749 1046 illa
1781 987 1867 1075 quae
1892 983 2003 1044 nunc

701 1079 844 1162 umbrae
872 1079 976 1162 vices
1009 1077 1162 1188 patitur.
2134 1071 2135 1095 ¹

759 1194 949 1290 Contra,
979 1218 1066 1274 cum
1088 1196 1285 1276 reuaecn
1317 1249 1332 1290 ,
1367 1188 1506 1276 suad
1532 1193 1739 1276 Saturnum
1768 1219 1817 1278 ex
1844 1191 2001 1276 Sole&
2134 1183 2135 1256 ἶ

626 1315 629 1322 ’
700 1308 819 1392 Terra
841 1305 994 1396 ,eduilae
1026 1302 1077 1386 ad
1096 1301 1248 1390 easdem
1276 1305 1460 1417 praedicte
1488 1329 1560 1388 rau
1583 1305 1824 1406 (communis
1860 1301 1997 1386 sebio.-
2134 1377 2135 1402 ,

701 1420 761 1503 nis
793 1421 998 1529 planorum
1033 1417 1183 1502 Annuli
1208 1415 1401 1532 Orbisque
1436 1419 1629 1521 Saturni)
1665 1445 1792 1530 partes
1819 1418 2002 1522 cadunt,

701 1531 797 1616 ficut
820 1531 864 1614 fit
890 1557 979 1614 cum
1003 1533 1186 1618 Saturnus
1205 1535 1257 1616 est
1276 1532 1317 1613 in
1346 1555 1405 1622 rur
1433 1533 1511 1615 hoc
1542 1533 1621 1629 est,
1649 1559 1738 1614 curn
1771 1534 1999 1622 Lucus‘Sa-
2134 1607 2135 1614 t

702 1647 805 1729 turni
848 1643 1130 1728 Geocentricus
1169 1641 1416 1758 ejusdemque
1440 1649 1569 1730 Locus
1613 1645 1921 1731 Helioccntricus
1943 1642 1996 1728 ad
2134 1629 2135 1650 ³

701 1754 853 1844 easdem
878 1782 1006 1867 partes
1031 1751 1115 1841 sunt
1137 1754 1307 1871 respectu
1330 1759 1428 1844 Loci
1453 1756 1563 1871 supra
1586 1753 1792 1871 descripti,
1824 1757 1892 1844 ubi
1913 1759 2006 1842 An»

701 1872 784 1956 nuli
810 1872 968 1982 planum
994 1867 1225 1981 producium
1247 1873 1285 1956 in
1304 1874 1439 1958 Solem
1456 1870 1594 1956 incidit
1615 1903 1627 1963 3
1671 1897 1755 1956 tum
1777 1869 1913 1958 eadem
1935 1867 1990 1954 fa-

699 1981 781 2070 cies
812 1983 963 2070 Annuli
986 1984 1071 2067 Soli
1095 1988 1136 2068 δι
1159 1989 1284 2071 Terra
1307 1985 1561 2086 obvertitur,
1588 2013 1633 2070 ac
1657 1983 1823 2098 proinde
1848 1984 1991 2094 (liper
2134 2003 2135 2006 ‘

700 2101 794 2184 alias
830 2098 999 2182 rationes
1030 2100 1147 2210 Prop.
1176 2125 1288 2210 praec.
1323 2099 1533 2212 explicatas
1557 2099 1673 2184 liceat
1706 2098 1885 2212 ),lacies
1908 2097 1991 2182 illu-
2134 2151 2135 2184 r

700 2211 816 2298 strata
838 2208 919 2294 visa
959 2213 1128 2296 Saturno
1156 2213 1317 2298 Brachia
1353 2209 1522 2300 Ansasve
1563 2213 1736 2326 praestare
1761 2212 1990 2298 videbitur:

700 2322 901 2437 Nempeli
923 2325 994 2407 Sol
1021 2325 1171 2410 Annuli
1192 2322 1333 2414 faciem
1360 2320 1448 2410 satis
1472 2326 1661 2425 illustret,
1690 2351 1734 2411 ut
1764 2328 1843 2432 ejus
1860 2329 1992 2412 lumen

698 2439 874 2523 Oculum
899 2434 1072 2528 afficiatr
1097 2440 1176 2525 hoc
1196 2443 1249 2524 est
1263 2483 1286 2538 ,Δ
1318 2439 1348 2524 st
1374 2437 1496 2524 tribus
1521 2440 1703 2553 gradibus
1728 2463 1796 2525 aut
1827 2440 1997 2550 amplius
2134 2531 2135 2534 p

700 2548 809 2666 supra
829 2553 978 2636 Annuli
1006 2553 1162 2664 planum
1189 2554 1419 2652 attollatur,
1442 2552 1523 2642 five
1548 2556 1733 2639 Saturnus
1747 2553 2002 2666 ouograduc

700 2692 773 2752 aut
792 2667 955 2779 amplius
988 2665 1183 2776 &puncto
1205 2691 1231 2748 n
1256 2669 1320 2750 vel
1343 2694 1357 2750 1
1380 2665 1515 2764 absit,
1554 2671 1595 2751 St
1626 2673 1745 2752 Terra
1767 2667 1884 2751 etiam
1912 2691 1995 2750 uno

703 2777 853 2862 circiter
883 2776 1004 2889 gradu
1030 2804 1098 2862 aut
1122 2780 1285 2892 amplius
1310 2770 1419 2894 supra
1445 2781 1613 2866 eundern
1635 2778 1774 2866 faciem
1803 2782 1998 2879 elevetur,

703 2893 826 2998 (nam
853 2893 970 2976 etiarn
997 2883 1159 3026 lenfibili
1183 2889 1314 3005 aliqui
1332 2921 1438 3027 'opus
1471 2897 1525 2980 cll
1550 2897 1666 2996 Oculi
1692 2896 1913 2982 elevatione
1938 2891 1992 2979 fia·

700 3004 1620 3234 iguiiiiimuliiniiiuiiuiiirifiiiaeiiim,
1644 3010 1833 3237 {iiiiii
1849 3009 1995 3209 'iiii

700 3257 783 3317 rem
806 3233 957 3316 emittat
983 3231 1109 3316 lucem
1137 3261 1257 3344 quarn
1290 3263 1376 3348 quae
1416 3239 1586 3322 Oculum
1618 3265 1780 3322 movere
1811 3238 1952 3349 polluta
1972 3235 1996 3346 )
2134 3261 2135 3354 l

551 3387 553 3390 ·
699 3347 777 3430 boc
802 3347 854 3428 est
879 3402 893 3441 ,
918 3343 961 3460 ,st
985 3347 1137 3428 Saturni
1168 3348 1298 3432 locus
1333 3353 1616 3436 Geocentricus
1658 3351 1779 3436 tribus
1813 3351 1997 3463 gradibus
2134 3375 2135 3436 ῑ

700 3483 769 3543 aut
801 3459 965 3567 amplius
998 3457 1109 3544 distet
1136 3459 1161 3545 a
1184 3461 1308 3560 loeo,
1336 3464 1404 3548 ubi
1433 3465 1582 3548 Anno-li
1615 3465 1695 3568 ejus
1722 3466 1880 3577 planum
1906 3495 1995 3578 pro-
2134 3512 2135 3552 r

700 3569 856 3652 dullum
886 3567 926 3652 in
962 3576 1118 3655 Terram
1150 3575 1332 3675 incidit,
1370 3576 1568 3664 videbitur
1605 3577 1787 3665 Annuus
1816 3637 1833 3680 ,
1884 3579 1998 3667 licuti]

699 3687 817 3794 Prop.
851 3710 961 3794 praec.
992 3680 1182 3770 ostensum
1214 3691 1281 3773 ell.

719 3823 722 3830 ·
756 3795 825 3883 Ad
853 3793 1114 3884 definiendam
1154 3795 1322 3913 speciem·
1348 3797 1501 3915 Elliplis·
1532 3829 1650 3916 cpiam
1683 3803 1863 3896 Annulus
1882 3831 1996 3920 'quo-
2134 3855 2135 3916 3

700 3915 761 3996 tis
790 3937 967 4020 tempore
991 3913 1135 4011 refert,
1178 3916 1467 4002 advertendum
1494 3919 1548 4001 est
1570 3922 1681 4033 quod
1715 3979 1730 4020 ,
1769 3949 1855 4004 cum
1891 3925 1993 4010 illius

699 4027 861 4138 planum
883 4026 1113 4114 inclinarunt·
1134 4027 1178 4112 fit
1211 4029 1263 4114 ad
1287 4031 1449 4142 planum
1478 4035 1626 4118 Orbitae
1647 4039 1772 4128 Terra
1804 4043 1897 4138 23⁵¹
1922 4040 1992 4122 cir·
2134 4058 2135 4138 ξ

699 4138 802 4219 citer
828 4137 898 4218 ubi
927 4137 1078 4222 Annuli
1106 4142 1271 4226 circulus
1300 4147 1466 4231 maxime
1497 4146 1640 4232 directe
1664 4152 1849 4248 videtur,
1874 4152 1994 4238 Linea
2134 4155 2135 4228 l

697 4253 856 4334 Terram
873 4251 1101 4362 ,rictumque
1118 4256 1311 4340 circulum
1325 4262 1565 4372 conjungens
1595 4262 1648 4348 ad
1678 4262 1809 4346 circuli
1833 4264 1991 4375 planum
2134 4309 2135 4344 r

695 4361 739 4446 in
754 4363 857 4446 dicto
886 4366 1036 4473 angulo
1052 4368 1300 4454 inclinabitur
1321 4403 1339 4461 a
1375 4377 1415 4453 ἃ
1452 4375 1617 4486 proinde
1640 4376 1683 4458 in
1702 4363 1787 4458 ‘iuo
1811 4375 1897 4461 calu
1921 4382 1991 4462 cir·

532 4615 533 4622 Ν
648 4522 652 4530 ·
695 4476 802 4562 carlus
835 4477 1037 4589 apparebit
1063 4481 1246 4596 Ellipsrs,
1275 4489 1380 4592 cuius
1406 4490 1529 4594 maior
1552 4491 1634 4577 axis
1663 4489 1717 4574 est
1748 4489 1889 4606 duplus
1922 4487 1991 4692 saei·
2134 4539 2135 4550 κ

1220 4679 1225 4686 .
1866 4632 1935 4719 qut
2134 4719 2135 4730 Ν
