4420 5692
709 573 819 727 ψ’
857 634 877 648 ··
920 619 1461 700 ΛετκοΝοΜΜ
1519 619 1864 699 narraret

702 758 855 850 ‚Phases
887 764 930 842 dt
957 759 1218 852 Luminariu'm
1247 757 1415 874 Eclipses
1451 763 1594 874 Propp.
1637 785 1764 861 xvt,
1809 763 2026 848 xvtrt&

638 949 641 954 .
718 904 824 968 artu.
865 877 952 960 Lib.
994 900 1030 966 1.
1067 875 1321 988 explicantur.
1384 875 1555 962 Aetione
1591 901 1722 962 autem
1761 876 1865 960 Solis
1909 873 2026 960 Lunae

716 996 854 1079 Motus
881 991 987 1074 varie
1026 987 1338 1102 perturbabitur,
1380 985 1503 1102 iisque
1537 987 1723 1078 afficietur
1760 986 2026 1104 inaequalitati·

715 1107 790 1192 bus
817 1133 913 1221 quas
940 1105 1102 1196 alstduus
1139 1103 1432 1192 &accuratior
1469 1099 1696 1192 observatio
1724 1103 1896 1198 detexit,
1930 1127 2024 1214 qua·

716 1251 799 1307 rum
837 1247 968 1304 tamen
1000 1216 1189 1315 effeetus,
1233 1216 1258 1300 st
1290 1245 1378 1302 cum
1407 1220 1600 1332 prioribus
1646 1220 1722 1303 illis
1751 1218 2024 1314 conferantur,

711 1333 950 1422 evanescunt
980 1332 1095 1422 feret
1128 1330 1235 1416 unde
1266 1331 1311 1415 fit
1334 1333 1446 1446 quod
1481 1335 1520 1425 in
1553 1329 1664 1446 supra
1695 1333 1822 1417 citatis
1855 1328 2026 1440 Propost·

714 1451 888 1535 tionibus
925 1447 1109 1532 Satellitis
1151 1471 1283 1529 motus
1316 1447 1418 1534 circa
1452 1450 1682 1532 Primarium
1723 1446 1850 1531 srmilis
1891 1471 2026 1556 quam-

712 1565 892 1680 proxime
922 1563 1094 1646 statuitut
1125 1560 1250 1644 mot'ui
1280 1561 1452 1650 Primarii
1488 1562 1588 1650 circa
1611 1563 1768 1660 Solem,
1800 1587 1888 1644 cum
1913 1583 2025 1642 accu-

714 1681 832 1764 ratius
857 1671 1084 1770 observatus
1110 1675 1150 1756 in
1184 1673 1338 1787 srngulis
1370 1675 1570 1789 paululum
1596 1674 1766 1768 differat.

715 1871 718 1886 ‚
760 1795 927 1882 Etenim
954 1792 1103 1906 primo,
1138 1783 1283 1902 absque
1315 1791 1418 1876 Solis
1445 1791 1599 1882 actione
1633 1794 1743 1882 luna
1766 1790 1866 1876 circa
1892 1791 2024 1878 Tellu-

714 1910 867 1998 remita
893 1928 1153 2001 moveretur,
1196 1929 1241 1992 ut
1271 1903 1381 1990 radio
1406 1904 1459 1994 ad
1476 1911 1636 1992 Terram
1670 1906 1789 1990 dudo
1812 1931 1920 1990 areas
1943 1899 2022 1990 des·

711 2025 881 2110 criberet
927 2018 1169 2131 temporibus
1216 2019 1575 2130 proportionales:
1625 2023 1698 2106 Pet
1737 2020 1879 2106 didam
1923 2045 2021 2102 vero

709 2141 906 2227 aclionetn
943 2135 987 2220 fit
1023 2140 1039 2234 (
1074 2159 1142 2245 per
1172 2135 1289 2246 Prop.
1326 2133 1413 2245 1.)
1461 2159 1504 2220 ut
1545 2130 1738 2224 describat
1771 2159 1899 2218 aream
1948 2159 2019 2248 pro

713 2276 892 2366 ternpore
918 2251 1103 2352 maiorem
1136 2246 1253 2345 (hoc
1286 2249 1364 2346 est,
1396 2249 1574 2336 velocius
1604 2247 1790 2360 serautr)
1828 2247 1869 2330 in
1899 2247 2020 2358 Syzy·

711 2369 797 2478 giis·
823 2390 912 2450 cum
958 2363 1050 2448 Sole
1097 2387 1216 2471 quam
1257 2364 1298 2444 in
1333 2366 1414 2464 ejus
1451 2365 1673 2473 Quadrato.
1733 2364 1869 2474 Atque
1905 2364 2020 2446 Error
2066 2381 2073 2388 ·

707 2484 920 2584 hiberiam
950 2498 1145 2573 mutatur,
1177 2480 1217 2558 dc
1251 2475 1412 2589 quidem
1447 2475 1488 2562 in
1525 2477 1704 2592 qualibet
1734 2481 1814 2584 ejus
1855 2474 2020 2587 periodo

710 2596 756 2682 iu
770 2595 966 2708 duplicata
988 2588 1141 2684 ratione
1158 2593 1344 2706 temporis
1368 2593 1470 2686 inter
1484 2591 1748 2702 Qadratutas
1760 2651 1775 2692 ,
1798 2616 1867 2708 pet
1887 2589 2019 2674 Schol.

709 2715 787 2796 Pro
819 2771 829 2790 .
856 2731 1013 2798 xuttr.

720 2739 976 2922 „sbcundm
1005 2816 1043 2902 ·st
1067 2815 1170 2902 Solis
1206 2819 1308 2906 anio
1331 2847 1416 2908 urar
1440 2821 1683 2933 perturbaret
1707 2823 1823 2914 [ιω
1847 2847 2020 2922 motum,

711 2941 820 3026 luna
851 2934 1008 3048 Ellipsrn
1038 2927 1282 3022 describeret.
1300 2934 1525 3024 umbilicum
1556 2935 1600 3022 in
1624 2941 1750 3022 Terra
1786 2963 1924 3024 tertam
1955 2941 2021 3022 ba-

709 3055 899 3144 bentem:
934 3075 1038 3132 nunc
1074 3074 1172 3130 veto
1204 3077 1272 3164 pet
1307 3054 1424 3164 Prop.
1462 3073 1518 3132 11.
1543 3074 1652 3162 patet
1683 3054 1798 3136 Lunae
1840 3051 2018 3137 Orbitant

709 3167 797 3251 fore
834 3164 1015 3265 (cureris
1038 3161 1204 3273 paribus
1230 3163 1248 3271 )
1279 3166 1405 3249 minus
1440 3191 1597 3251 curvam
1632 3166 1672 3248 in
1703 3167 1902 3282 Syzygiis‚
1937 3193 2019 3248 cur·

709 3283 863 3368 ¹viorem
892 3281 932 3361 in
957 3277 1235 3384 Quadraturisa
1254 3280 1437 3396 adeoque
1466 3280 1625 3392 propius
1653 3281 1839 3366 accedere
1853 3277 1905 3367 ad
1928 3285 2020 3366 Tet-

706 3398 860 3488 ram-'in
897 3389 971 3478 iilis
1005 3419 1123 3505 quam
1155 3392 1196 3472 in
1222 3393 1295 3476 his.
1383 3487 1385 3494 ¹
1803 3469 1805 3474 .

723 3546 743 3559 ··
765 3505 930 3606 Tertio,
971 3513 1079 3590 Luna
1115 3507 1217 3590 circa
1253 3513 1414 3592 Terram
1457 3505 1613 3620 Ellipsm
1642 3511 1847 3594 immotam
1883 3537 2019 3626 perpe·

708 3649 780 3711 tuo
810 3620 1068 3717 describeret,
1101 3618 1128 3702 st
1157 3623 1225 3704 Sol
1251 3651 1338 3707 eam
1375 3649 1457 3705 non
1488 3623 1751 3744 perturbaret:
1785 3651 1887 3708 nunc
1920 3652 2017 3709 vero

708 3769 759 3828 ex
794 3738 898 3846 illius
926 3735 1219 3852 perturbatione
1254 3737 1375 3828 fitur
1408 3739 1549 3822 Orbita
1577 3740 1655 3822 haec
1683 3738 1737 3822 ab·
1763 3735 1894 3850 Ellipfi
1933 3741 2018 3823 lon-

575 3921 578 3930 .
695 3855 849 3970 gissrme
871 3851 1058 3952 recedat,
1105 3879 1179 3936 nec
1209 3853 1277 3937 nifi
1300 3880 1371 3964 per
1397 3849 1723 3937 Astronomotum
1753 3847 1946 3938 solertiam
1967 3851 2017 3940 ad

699 3973 798 4054 hanc
825 3967 957 4060 reduci
994 3989 1123 4080 queat.
1196 3969 1285 4070 Ejus
1312 3963 1417 4049 enim
1457 3965 1597 4050 Orbita
1639 3967 1692 4052 est
1724 3968 1888 4065 Curva,
1930 3995 2015 4081 quae

698 4077 905 4192 generatur
947 4080 1109 4190 quidem
1141 4104 1189 4159 ex
1229 4074 1360 4190 Ellipfi
1394 4077 1493 4160 circa
1540 4081 1747 4166 immotum
1785 4081 2013 4170 umbilicum

698 4189 780 4278 live
805 4199 931 4294 Terrae
958 4217 1134 4275 centrum
1161 4217 1304 4292 mota,
1350 4192 1497 4296 majore
1528 4195 1683 4281 interim
1715 4197 1796 4302 ejus
1823 4223 1896 4280 axe
1933 4223 2017 4284 mo·

698 4331 743 4405 ru
778 4307 950 4420 angulari
984 4333 1085 4390 nunc
1117 4301 1291 4417 prorsum
1325 4333 1429 4392 nunc
1469 4304 1674 4394 retrorsum
1705 4305 1939 4402 oscillantes
1971 4336 2015 4395 ut

699 4449 749 4511 ex
772 4425 887 4537 Prop.
922 4445 1043 4505 vttr.
1082 4445 1200 4532 pater,
1246 4423 1320 4507 Illa
1347 4446 1479 4509 autem
1510 4425 1646 4510 Curua
1679 4425 1842 4510 immota
1874 4447 2013 4508 nucu

700 4533 814 4655 (flig.
866 4539 979 4648 Prop.
1028 4535 1153 4646 111.)
1184 4563 1320 4626 revera
1352 4537 1407 4622 est
1450 4537 1568 4624 Lunae
1604 4536 1769 4640 Orbita,
1815 4565 2016 4650 quaenon

622 4687 626 4694 ·
695 4655 819 4778 magis
854 4655 907 4776 eil
933 4647 1081 4764 Ellipsrs
1112 4647 1328 4774 censendas
1364 4679 1481 4768 quam
1515 4653 1634 4770 Helix
1668 4651 1721 4745 est
1755 4655 1859 4742 linea
1884 4656 2013 4752 reda,

897 4803 902 4814 ·
1912 4791 2014 4888 quo·
