4322 5686
258 559 306 637 a?
328 554 738 636 GE'OMETRICAE
760 554 1099 634 ternanta.
1137 561 1291 638 amvi.
1363 582 1431 658 745

111 697 187 784 En⁸
204 691 352 780 diversa
382 693 658 806 'magnitudine
682 696 831 806 periodi
857 696 1088 780 librationis
1116 700 1257 782 Volvae
1284 699 1323 778 in
1351 697 1434 778 lati·

110 805 283 889 tudinem
313 809 353 887 dt
381 803 660 912 Nychthemeri
689 801 762 904 fit,
791 807 899 918 quod
926 809 985 889 ela
1012 805 1053 890 so
1082 808 1359 914 Nycbthemeri
1381 803 1434 888 sc·
1523 802 1526 808 ’

109 909 213 996 miffe
241 915 326 1023 post
353 910 513 1023 Eclipfin
541 915 640 996 Solis
669 915 900 1013 centralem‚
930 835 1032 998 nuiia
1060 915 1252 998 Lunicolis
1280 916 1434 996 eveniat

108 1023 252 1106 Volvae
292 1019 456 1132 Eclipsrs.
543 1026 651 1104 Nam
703 1049 887 1132 promoto
927 1027 1017 1108 Sole
1062 1023 1111 1108 ad
1150 1019 1434 1134 oppositionem

81 1159 197 1228 *cum
225 1131 359 1216 Volva
388 1130 496 1230 (hoc
528 1131 628 1230 ⁴est,
676 1133 716 1214 in
744 1132 1032 1230 Pienivoivio‚
1073 1135 1111 1214 in
1150 1161 1231 1244 quo
1267 1126 1350 1214 solo
1377 1131 1434 1220 di-

108 1245 169 1324 ua
206 1237 358 1348 Eclipsrs
401 1239 532 1322 contin
559 1267 623 1322 ere
669 1243 830 1350 potest)
875 1244 1009 1326 Volva
1047 1241 1169 1324 modo
1212 1242 1432 1347 Eclipticam

106 1345 330 1464 transgressa
359 1353 480 1448 (nam
509 1268 709 1456 aiquanto
737 1351 838 1458 prius
876 1352 980 1433 illam
1017 1354 1193 1460 attigerat
1221 1346 1337 1460 quim
1364 1348 1434 1442 Sui

107 1459 250 1542 Volvae
290 1459 583 1648 olqponeretur)
626 1458 666 1538 in
694 1459 857 1541 austrum
885 1455 1052 1564 eousque
1080 1459 1257 1542 librando
1286 1453 1434 1566 proces-

105 1565 186 1663 srt,
224 1592 266 1648 ut
337 1594 419 1648 unae
454 1564 629 1648 umbram
672 1564 842 1674 effugiat.
922 1567 1063 1650 Volva
1104 1568 1260 1678 quidem
1306 1565 1434 1650 incola

15 1749 20 1758 .
104 1675 205 1759 Solis
242 1673 405 1784 Eclipsm
442 1699 523 1756 tum
561 1672 748 1770 videbit,
789 1671 970 1756 sr'versut
997 1675 1135 1760 Polum
1164 1677 1243 1776 ejus
1271 1674 1433 1763 boreum

103 1783 259 1872 deoat3
303 1807 349 1884 at
381 1809 461 1865 non
505 1781 704 1877 totalem,
747 1783 787 1863 in
822 1810 903 1894 quo
933 1781 1016 1866 solo
1044 1780 1132 1865 casu·
1158 1783 1292 1864 Volva
1318 1781 1433 1868 Luni

103 1851 201 1974 coiae
229 1914 387 2002 apparet
421 1885 596 1972 deficere.
677 1890 857 1974 Similiter
884 1891 923 1972 in
952 1892 1206 1974 Novivolvio
1237 1885 1433 1998 instquen

102 2027 144 2083 re
171 1999 458 2083 Plenivolviurn
497 1983 711 2099 centralitei
748 1998 1005 2108 Eclipticum,
1044 2001 1155 2082 Luna
1181 1998 1325 2082 Volva
1353 2023 1432 2086 um·
1585 2024 1589 2032 ·

102 2109 214 2192 brarn
242 2105 420 2220 effugiet„
1375 2111 1379 2116 ’

164 2325 298 2414 Volva
361 2323 554 2406 Lunicolis
582 2324 787 2407 minutiora
814 2321 1140 2424 observantibus,
1176 2353 1276 2408 nunc
1310 2325 1433 2426 major

102 2435 262 2518 videtur
299 2460 400 2516 nunc
440 2434 606 2530 minor,
644 2458 771 2542 atquo
791 2459 876 2518 tota
904 2434 984 2516 haec
1013 2437 1175 2517 varietas
1206 2431 1324 2542 spatio
1353 2429 1433 2516 fere

104 2541 390 2652 Nychthemeri
433 2542 588 2622 Lunaris
632 2541 885 2632 absolvitur3
941 2544 1148 2626 accuratius
1187 2569 1283 2624 vero
1311 2537 1434 2648 spatio

101 2679 188 2764 quo
217 2651 316 2732 Fixa
344 2647 394 2730 ad
420 2647 583 2731 eundem
622 2648 876 2734 Meridianum
908 2675 1161 2734 revertuntur.
1241 2653 1434 2731 Ponamus

100 2759 300 2844 Lunicolae
334 2757 509 2840 Volvam
545 2755 732 2840 diametro
777 2753 932 2841 minimi
972 2753 1153 2870 apparere
1196 2755 1352 2869 quando
1393 2757 1434 2840 in

99 2865 287 2978 praadido
311 2863 516 2948 latitudinis
545 2863 689 2948 circulo
717 2925 730 2964 ,
766 2863 874 3002 suqrra
902 2893 1017 2976 quem
1045 2870 1083 2949 in
1113 2867 1271 2950 boream
1299 2870 1340 2946 δι
1367 2891 1435 2948 au-

100 2975 223 3073 strum
252 2973 437 3071 libratur,
466 2998 634 3084 apparet.
700 2974 824 3059 Anda
853 2975 1033 3081 paulatim
1061 2975 1201 3057 Volvae
1229 2973 1433 3074 diametm,

100 3083 185 3191 ipsa
222 3081 354 3164 Volva
396 3079 446 3164 ad
484 3077 657 3163 occasum
692 3079 716 3165 ai
756 3081 935 3193 praedidio
974 3076 1117 3167 circulo
1156 3081 1329 3166 deviabit
1366 3109 1446 3192 pet,

98 3189 391 3298 Nychthemeri
419 3189 669 3299 quadrantem
698 3188 811 3288 fere,
848 3219 916 3300 per
944 3187 1161 3302 sequentem
1185 3191 1434 3298 quadrantem
1545 3258 1549 3266 ,

95 3299 156 3384 ad
186 3296 350 3381 eundern
380 3291 609 3393 reversura,
653 3296 719 3379 ubi
747 3297 889 3379 Volvae
924 3298 1107 3382 diameter
1135 3297 1328 3379 videbitur
1356 3323 1435 3376 ma·
1580 3369 1583 3378 .

98 3411 214 3492 xima·
239 3435 250 3495 3
292 3403 402 3486 unde
436 3400 556 3486 rursus
595 3406 634 3486 in
671 3429 799 3487 ortum
823 3404 995 3488 deviabit
1025 3464 1038 3503 ,
1067 3402 1221 3514 ejusque
1249 3401 1435 3484 diameter

105 3541 302 3626 apparens
338 3514 530 3596 minuetur
563 3569 576 3610 ,
623 3511 885 3625 integramque
913 3514 1173 3596 Librationem
1203 3509 1434 3622 revertendo

97 3625 162 3708 ad
203 3623 425 3730 Eclipticarn
455 3619 637 3732 (quando
675 3617 793 3704 rursus
833 3623 989 3704 minima
1016 3621 1234 3716 videbitur)
1267 3617 1435 3728 perficiet

104 3738 150 3818 in
181 3757 256 3813 una·
282 3731 457 3812 Fixarum
486 3731 743 3832 revolutione.
828 3731 1018 3814 Deviatio
1046 3729 1160 3826 haec3
1200 3725 1285 3810 cum
1319 3728 1436 3807 maxi·
1510 3775 1513 3784 .

108 3869 180 3924 ma
213 3899 227 3935 ‚
276 3839 345 3920 erit
392 3838 540 3919 circiter
585 3847 666 3941 5⁸³3
715 3837 1016 3952 tantundemque
1057 3838 1231 3920 circulus'
1257 3836 1435 3924 limitum,

102 3947 289 4046 dividens
333 3945 606 4028 Subvolvanos
641 3945 666 4030 a
696 3947 929 4047 Privolvis,
979 3947 1152 4028 nuncin
1186 3942 1435 4026 Occidentem

98 4053 407 4168 promovebitur
428 4055 558 4137 renuo
583 4056 773 4151 Oriente,
803 4059 962 4138 nuncin
985 4056 1183 4137 Orientem
1206 4053 1345 4164 relicto
1361 4053 1437 4129 Oe-

109 4166 300 4259 cidente,
338 4159 426 4244 srcut
460 4189 529 4273 per
583 4165 722 4246 riorem
748 4163 786 4244 in
815 4161 974 4246 boream
999 4163 1234 4272 &austrum
1305 4155 1438 4268 Atque

99 4271 293 4365 'Volva-5
346 4269 431 4380 post
473 4299 522 4382 pe
559 4277 680 4353 edam
722 4271 909 4382 integram
958 4269 1221 4354 Librarionem
1263 4267 1359 4348 hanc
1400 4265 1439 4344 in
1662 4307 1677 4318 ··
1698 4337 1722 4384 ⁶

111 4377 429 4492 longitudinem,
470 4379 519 4465 ad
546 4381 707 4490 prirntun
735 4378 843 4571 istthn
863 4376 978 4462 xsuurn
1007 4377 1214 4465 latitudinis
1244 4375 1438 4564 circuclhurn,
1476 4473 1482 4476 ,

100 4531 103 4534 .
140 4533 146 4540 ,
226 4497 235 4542 a
836 4515 854 4570 t
894 4511 915 4592 3
1274 4500 1334 4566 mc'
1377 4503 1440 4562 um
