4376 5694
269 623 314 701 Θ·
338 618 730 699 neemanim
761 620 1104 702 duanam.
1139 620 1239 699 itu.
1276 626 1359 703 [Va
1428 640 1498 722 557

186 772 258 833 tut
289 753 460 862 Tempus
493 776 575 859 quo
614 751 721 836 Luna
761 751 801 833 in
835 776 860 833 n
896 751 1084 838 videturs
1118 775 1219 858 ,ergo
1255 754 1295 830 ἃ
1327 759 1498 864 Tempus

192 858 409 946 innotescet
438 889 520 972 quo
557 865 598 944 in
630 892 685 965 n,
718 864 784 948 ubi
822 866 956 950 Solem
990 866 1155 950 maxime
1187 865 1400 974 Spediatori
1432 867 1496 951 da'·

188 999 290 1061 tot
336 979 394 1071 it,
426 975 650 1089 reperietur.
706 982 827 1088 QE.
847 984 890 1061 F„
1195 1031 1199 1037 ·

289 1004 531 1199 idssTempus
579 1091 821 1190 inventum,
873 1117 957 1204 quo
996 1093 1106 1176 Luna
1147 1091 1193 1173 in
1228 1115 1259 1173 n
1296 1084 1499 1192 versatur,

189 1219 410 1311 quaerantur
444 1195 569 1285 rursus
611 1207 1036 1303 LuminariumLoca,
1076 1228 1119 1290 ut
1148 1205 1282 1287 omnia
1306 1209 1407 1290 redie
1433 1237 1500 1321 pe·

188 1318 291 1403 racia
325 1313 401 1404 esse
436 1317 609 1418 constet,
654 1319 720 1402 vel
753 1343 796 1402 ur
826 1320 987 1402 ulterior
1013 1320 1226 1404 Cortedio
1255 1317 1498 1404 adhibeatur.

1513 838 1693 901 radxa'm

1524 921 1578 1001 arg.
1610 936 1638 990 ς.

254 1090 287 1171 Α

613 1488 1027 1571 Senoutun

232 1694 289 1775 “in
321 1690 430 1803 pratd
463 1691 707 1805 praecedenre
731 1688 998 1806 'supposuimus
1032 1697 1148 1778 Lunae
1172 1694 1332 1778 Momm
1362 1692 1498 1780 iSole

190 1806 228 1887 in
263 1806 340 1891 Via
369 1798 448 1889 visa
474 1828 551 1887 nn
592 1801 666 1890 effe
694 1809 953 1920 aequabilem‚
989 1809 1101 1920 quod
1131 1835 1214 1890 non
1248 1811 1301 1892 est
1339 1837 1495 1894 uerum:

188 1921 296 2003 Nam
325 1921 417 2007 licet
451 1922 587 2003 Motus
633 1921 749 2004 Lunae
773 1920 795 2004 zi
819 1924 914 2004 Sole
939 1923 977 2004 in
998 1923 1075 2004 Via
1101 1917 1164 2004 sua
1194 1947 1289 2002 vera
1324 1949 1397 2003 Lu
1436 1947 1497 2007 to·

110 2019 116 2034 ’
191 2055 235 2116 to
270 2030 426 2143 Eclipfis
460 2056 637 2143 ternpore
684 2030 948 2120 insenfibiiitet
995 2033 1148 2118 differat
1188 2033 1239 2114 ab
1282 2025 1495 2144 :equabili‘⁹

188 2173 279 2230 tum
317 2170 447 2229 tamen
481 2146 522 2227 in
558 2151 673 2230 Motu
703 2151 785 2251 ejus
821 2149 862 2229 in
891 2149 968 2232 Via
999 2141 1079 2230 visa
1112 2171 1344 2258 apparenter
1391 2148 1495 2231 fatto

189 2257 396 2356 Parallaxis
431 2282 559 2368 partes
594 2253 680 2369 ¹suas
719 2283 841 2372 agat,
879 2266 966 2361 (ur
998 2262 1037 2342 in
1066 2259 1321 2344 Parallaxium
1346 2255 1495 2345 Defini-

188 2370 360 2454 tionibus
395 2374 510 2483 Prop.
532 2397 649 2457 xcv.
672 2373 758 2456 Lib..
782 2399 833 2455 ιι.
859 2374 1007 2458 traditis
1037 2371 1120 2458 fuse
1154 2373 1341 2456 ostenium
1372 2375 1493 2482 est,)
1541 2371 1542 2376 ‘

187 2482 282 2568 ideo
317 2482 361 2565 fit
399 2510 443 2567 ut
484 2485 533 2566 ab
572 2487 751 2597 aequabili
787 2486 999 2572 admodum
1032 2483 1237 2594 discrepet.
1297 2486 1495 2598 Adeoque

189 2597 241 2682 ad
270 2595 635 2681 determinationem
665 2602 747 2684 Viae
775 2595 861 2682 visae
893 2627 918 2680 n
945 2628 973 2681 ιι
1012 2596 1273 2684 assumendum
1317 2601 1370 2683 est
1399 2623 1496 2682 tem·

189 2738 260 2822 pus
297 2710 481 2820 posterius
519 2711 589 2795 illo
622 2738 704 2822 quo
738 2715 848 2794 Luna
880 2710 958 2796 fuit
1002 2714 1040 2796 in
1085 2738 1138 2809 Δ,
1192 2711 1219 2794 fi
1253 2738 1284 2792 c
1327 2712 1371 2794 fit
1403 2715 1490 2824 post

186 2849 234 2912 ss
264 2824 432 2905 anterius
462 2844 560 2906 vero
576 2881 590 2922 ,
625 2825 652 2908 fi
689 2823 784 2908 cfit
824 2827 1012 2916 antesin
1040 2821 1136 2908 serie
1165 2823 1409 2936 signorum,
1448 2831 1489 2908 dc

187 2934 376 3048 quidem,
418 2963 605 3050 quantum
637 2941 853 3049 conjediare
880 2939 999 3037 iicet,
1026 2937 1171 3049 aequale
1197 2937 1278 3021 fere
1297 2937 1354 3020 ilii
1378 2935 1491 3052 quod

189 3050 337 3134 Lunam
365 3049 588 3161 impendere
605 3075 765 3162 oportet
785 3075 832 3136 ut
863 3053 914 3134 ab
949 3083 973 3134 u
998 3052 1048 3134 ad
1067 3078 1097 3132 u
1123 3075 1357 3141 moveatur;
1378 3049 1489 3164 quod

188 3160 476 3274 propemodum
512 3166 659 3275 aequale
700 3166 773 3248 erit
817 3164 853 3247 ei
905 3165 1014 3277 quod
1063 3164 1268 3276 requiritur
1299 3189 1344 3248 ut
1382 3165 1491 3250 Luna

187 3279 319 3374 Motu·
337 3270 405 3358 suo
437 3275 460 3360 d
489 3276 583 3359 Sole
618 3273 825 3362 secundum
861 3280 1086 3392 Eclipticam
1117 3299 1313 3388 percurrat
1346 3299 1487 3360 notum

185 3399 322 3480 ssarcum
355 3413 457 3477 css
493 3383 578 3473 solo
609 3391 712 3474 enirn
742 3393 858 3476 Motu
891 3388 1145 3504 apparendi
1176 3391 1364 3474 Paraliaui
1397 3412 1489 3502 otto

186 3499 387 3586 differunt.
661 3499 668 3506 ’
1371 3599 1378 3614 ,
1474 3583 1476 3588 ,

245 3617 286 3700 Si
328 3643 376 3698 ex
409 3643 427 3698 s
456 3615 506 3698 ad
544 3615 770 3727 Eclipticam
813 3617 1002 3704 excitetur
1036 3614 1364 3730 perpendicularis
1394 3640 1491 3716 εις

189 3727 273 3814 Via
303 3730 421 3812 Lunae
454 3724 541 3814 visae
569 3730 612 3814 in
655 3759 683 3810 v
721 3758 951 3828 occurrens,
992 3733 1065 3814 erit
1097 3761 1125 3813 v
1164 3737 1348 3846 pundium
1373 3729 1490 3843 quod

190 3845 308 3930 luna
341 3841 516 3926 centrum
544 3867 654 3927 tenet
687 3848 882 3958 Tempore
908 3846 1214 3949 Coniundiionis
1245 3843 1269 3930 ai
1297 3849 1491 3956 Spectato

190 3983 234 4042 re
259 3951 357 4039 visae.
415 3956 642 4042 invenietur
666 3981 795 4040 aurem
828 3984 904 4041 nv
941 3957 1019 4045 fic:
1058 3959 1105 4040 In
1153 3959 1347 4070 triangulo
1381 3981 1490 4040 usu

191 4094 329 4184 prater
353 4073 497 4153 tedium
525 4091 555 4151 u
572 4094 589 4149 s
609 4098 637 4150 v
659 4070 799 4156 dantut
837 4071 937 4154 latus
969 4097 1033 4152 us
1063 4075 1104 4152 δι
1128 4074 1291 4182 angulus
1319 4097 1378 4160 ur
1397 4095 1491 4182 qua·

193 4207 403 4271 remotum
436 4183 509 4266 erit
533 4183 633 4265 latus
673 4204 747 4265 nv
771 4216 783 4274 ι
810 4179 851 4267 dt
883 4211 973 4284 curn
1004 4207 1121 4268 notus
1144 4189 1262 4270 etiam
1295 4184 1339 4268 fir
1378 4181 1490 4271 arc'us

192 4319 224 4379 N
256 4321 310 4392 n,
349 4323 431 4380 non
464 4297 705 4409 ignorabitur
738 4324 768 4377 u
793 4325 848 4387 nr
884 4296 1057 4409 ideoque
1101 4321 1253 4411 tempus
1301 4296 1489 4406 adhunc
1531 4379 1547 4410 ‚

189 4407 490 4523 percurrendum
516 4405 761 4496 necessarium
787 4410 985 4524 cognitum
1023 4413 1127 4509 erit,
1163 4409 1363 4526 ipsumque
1387 4405 1490 4494 adeo

189 4521 492 4624 conjunctionis
520 4517 605 4606 visae
632 4549 886 4611 momentum
944 4527 1144 4638 Qtoniam
1172 4552 1270 4612 vero
1290 4528 1431 4640 pundia
1457 4550 1490 4605 n

280 4633 438 4762 Gregori
468 4630 564 4745 Astr.
598 4632 698 4722 Tm·
727 4640 789 4724 11.
1094 4639 1130 4723 tt
1449 4639 1492 4718 dt
