4376 5694
232 645 278 722 &¹
312 639 725 726 autumna
757 641 1107 726 unaarum.
1142 645 1228 726 ln·
1263 645 1336 728 IV.
1406 659 1478 744 με

157 792 219 898 ab¹
233 791 422 905 Ediptica
441 787 717 900 corriganturt
743 789 798 876 ita
829 809 972 904 nempe
995 814 1038 878 ut
1063 821 1112 876 ex
1136 795 1238 878 veris
1259 781 1542 907 praecedet-m„
1553 799 1666 908 m

156 904 446 1006 tibus,s1ue?:
471 908 601 992 Terrae
626 931 767 992 centro
795 902 884 987 visis
905 906 1020 990 Locis
1040 965 1053 1002 ‚
1098 907 1270 995 evadant
1303 936 1352 994 ex
1377 908 1473 996 dato
1522 922 1574 1000 m.
1593 939 1621 992 ς.

1 1039 3 1074 ³
155 1019 197 1106 in
223 1011 418 1132 superficie
445 1019 557 1104 Loco
585 1017 654 1100 visi
685 1019 702 1125 (
728 1017 798 1126 qui
837 1021 877 1098 δι
910 1016 1130 1131 fimplioirer
1153 1021 1224 1106 vifi
1253 1049 1477 1136 nuncupan-

156 1159 220 1220 tur
246 1135 266 1244 )
296 1163 315 1218 s
347 1137 448 1220 dtu.
478 1130 653 1220 Aliumd
682 1133 811 1242 priore
839 1158 920 1214 non
950 1133 1192 1245 defignamus
1227 1139 1376 1225 Locum
1404 1138 1475 1228 So·

156 1248 235 1345 lis,
270 1275 320 1334 ne
352 1244 533 1362 confusro
552 1247 592 1329 in
613 1239 806 1352 schemate
833 1247 1026 1344 oritorum·
1049 1272 1132 1334 nun
1153 1249 1264 1360 quod
1286 1251 1391 1337 Solis-
1405 1255 1475 1340 Pa-

155 1362 309 1450 mllaxis
329 1387 408 1446 ram
436 1387 557 1474 parva
580 1361 633 1446 est
670 1361 776 1442 utin
806 1360 958 1444 calculo
988 1359 1067 1444 hoc
1107 1362 1251 1474 negligi
1283 1362 1364 1450 fere
1391 1361 1474 1475 poi

155 1474 224 1576 fit,
257 1500 340 1562 tum
372 1476 563 1590 prmtipue
590 1470 701 1585 quod
730 1473 944 1558 parallaxin
985 1473 1153 1562 Lunai
1192 1477 1286 1559 sole
1327 1472 1474 1564 sumen·

156 1591 212 1676 do
236 1587 253 1699 (
278 1616 323 1678 ut
345 1591 383 1672 in
404 1589 505 1676 dieta
530 1591 645 1697 Prop.
675 1611 825 1672 uxtrr.
852 1588 939 1672 Lib.
968 1614 1023 1676 rr.
1051 1585 1239 1676 ostensum
1264 1589 1353 1691 est)
1387 1583 1475 1703 poi·
1532 1626 1536 1642 ·

56 1708 61 1716 '
156 1704 202 1788 stt
226 1704 347 1788 Linea
372 1727 447 1786 mc
491 1729 563 1815 pro
601 1701 678 1782 Via
702 1702 804 1783 Solis
830 1699 907 1783 visa
946 1701 1024 1784 five
1057 1703 1245 1814 Ecliptiea
1274 1704 1477 1815 paululum
1584 1789 1589 1800 ,

157 1819 288 1906 luxata
311 1816 458 1904 haberi.
508 1819 636 1902 Locus
671 1817 789 1900 Lunae
812 1841 1000 1929 apparens
1026 1843 1052 1899 n
1083 1815 1134 1905 ad
1159 1817 1386 1928 Eclipricam
1415 1844 1474 1900 re·

158 1932 294 2020 dudut
322 1931 366 2018 fit
388 1957 434 2028 e,
470 1925 625 2042 eiusque
652 1928 838 2016 Latitudo
873 1953 963 2014 uee
995 1932 1059 2018 Ut
1084 1953 1216 2020 autum
1242 1929 1475 2017 determine·

157 2069 221 2132 tur
246 2051 431 2158 punitum
455 2044 598 2156 inquo
625 2045 742 2128 Lunae
775 2069 952 2130 centrum
983 2040 1007 2130 i
1042 2042 1145 2128 Solis
1174 2067 1310 2132 centro
1343 2045 1473 2156 proxi-

157 2187 222 2248 me
249 2163 376 2246 abesse
399 2160 615 2269 speaatort
648 2157 851 2269 proposito
878 2156 1064 2255 videtur,
1092 2158 1169 2244 hoc
1197 2159 1277 2256 est,
1308 2156 1478 2270 quando·

156 2268 392 2360 obscuratio
418 2275 586 2358 maxima
613 2271 631 2383 (
660 2269 686 2352 (ι
722 2269 883 2380 quidem
903 2269 1022 2372 ulla)
1054 2271 1109 2359 est
1134 2269 1294 2364 furunt
1320 2273 1472 2356 investi·

156 2413 272 2500 gerut
293 2387 379 2472 situs
405 2387 490 2470 Vire
518 2384 736 2498 apparentis
773 2387 890 2470 Luna
919 2383 943 2468 i
974 2385 1097 2482 Sole,
1138 2413 1189 2471 ex
1220 2386 1474 2496 praecedenti·

156 2501 232 2590 bus
266 2500 478 2614 quaerendo
513 2494 675 2597 rursus,
720 2497 771 2580 ad
796 2524 949 2610 tempus
975 2525 1111 2610 parum
1142 2494 1229 2588 [aris
1256 2500 1396 2585 distans
1420 2498 1493 2584 ab·¹

157 2617 230 2699 illo
254 2643 337 2728 quo
372 2614 483 2697 Luna
512 2615 551 2697 in
580 2639 603 2696 n
640 2637 839 2725 apparet,
884 2611 992 2704 Loca
1024 2612 1127 2700 Solis
1163 2617 1204 2699 de
1234 2614 1349 2696 luna
1375 2611 1477 2700 dato

158 2728 374 2840 Speuaton
399 2723 505 2826 uisa,-
555 2734 595 2810 ἃ
621 2725 837 2837 cogitando
857 2725 989 2812 Solem
1016 2726 1068 2810 ad
1093 2725 1242 2810 Locum
1274 2726 1472 2836 pristinum

160 2869 179 2924 s
206 2846 409 2928 tetradum
428 2840 616 2954 simulque
640 2841 788 2928 Lunam
814 2841 1058 2926 tantundem.
1117 2843 1244 2928 Locus
1277 2846 1393 2928 Lunae
1421 2837 1477 2926 ste

142 2956 342 3042 'inventus
359 2953 402 3036 srt
427 2985 484 3054 x,
513 2959 553 3042 δι
577 2953 627 3042 ad
652 2953 879 3064 Eeliptitam
907 2953 1085 3042 redudus
1109 2952 1226 3042 faciat
1248 2955 1352 3044 illius
1367 2960 1473 3046 Lon·

156 3068 375 3182 gitudintm
399 3069 437 3152 in
464 3095 491 3151 o
517 3073 557 3150 dt
585 3067 851 3156 Latitudinem
885 3093 976 3153 xo.
1004 3067 1118 3156 Datis
1148 3086 1279 3155 autern
1305 3071 1476 3157 arcubus·

157 3209 249 3280 ct,
281 3207 346 3266 or<
377 3186 416 3266 δι
443 3207 515 3268 cn·
540 3179 859 3272 determinabitur
879 3181 1226 3295 (periermi'rop.
1251 3187 1471 3284 xxxvr.)

157 3298 244 3384 Viae
274 3295 434 3382 Lunaris
469 3290 556 3380 vifae
592 3317 669 3384 nu
707 3294 796 3378 fitur
822 3289 992 3408 respectu
1026 3295 1250 3406 Eclipricaer
1287 3302 1475 3408 pundunn

157 3437 302 3522 nempe
327 3431 356 3492 Ν
383 3405 585 3494 concutitis
616 3435 704 3494 curn
730 3406 918 3518 Etiiptita
954 3409 1191 3520 angulosque
1230 3437 1257 3492 n
1277 3434 1358 3498 uc.
1410 3413 1469 3495 Ex

158 3525 266 3608 Solis·
291 3527 400 3608 Loco
425 3551 443 3605 s
471 3523 511 3602 in
545 3549 571 3602 Α
595 3549 623 3604 Ν
651 3520 877 3604 demittatur
905 3520 1088 3605 normalis
1117 3550 1216 3620 sm,
1257 3525 1408 3637 eritque
1434 3549 1470 3608 ut·

158 3641 341 3750 prandium
366 3638 542 3720 omnium
569 3637 609 3718 in
643 3657 718 3716 ΑΝ
746 3631 855 3744 ipfi's
896 3636 1115 3748 proximum
1141 3667 1150 3720 r
1175 3639 1245 3728 Ad
1270 3638 1384 3752 quod
1412 3637 1467 3720 in·

159 3749 397 3836 veniendum
424 3751 649 3833 advertatur
687 3747 770 3836 dari
793 3750 836 3830 in
860 3751 1052 3859 triangulo
1089 3775 1117 3832 Ν
1137 3781 1154 3834 s
1172 3769 1204 3834 u
1241 3779 1377 3864 prater
1414 3779 1467 3836 ro·

158 3869 261 3952 stum
290 3863 340 3947 ad
369 3891 401 3950 Ν
443 3865 625 3975 angulum
660 3883 689 3944 Ν
728 3865 768 3942 dt
798 3860 1229 3970 hypotenusam,
1258 3891 1472 3978 utrumque¹

156 3979 283 4061 modo
321 3980 551 4070 inventum,
586 3975 689 4060 unde
717 3971 961 4061 innotescent
996 4003 1066 4060 ms
1103 3982 1142 4062 dt
1192 3986 1317 4070 mut
1358 3981 1466 4078 ideo·
1522 4076 1523 4080 Ν

160 4119 239 4202 que
270 4096 309 4173 &
341 4117 370 4173 n
395 4117 454 4188 u,
490 4119 577 4174 cum
611 4115 720 4176 arcus
750 4113 774 4169 n
801 4109 830 4170 Ν
861 4114 978 4170 notus
1011 4088 1067 4172 fir.
1128 4095 1327 4196 Quoniam
1352 4097 1467 4207 igitur
1482 4117 1531 4189 m.
1547 4111 1578 4166 e.
1704 4111 1709 4122 ’

159 4231 194 4290 m
219 4205 271 4284 est
299 4206 382 4287 Via
410 4205 573 4288 Lunaris·
602 4199 688 4284 visae
721 4207 902 4314 punitum
930 4202 1041 4312 quod
1069 4200 1207 4294 isole
1242 4237 1259 4292 s
1287 4211 1462 4298 omnium

161 4318 320 4400 minime
352 4318 492 4407 distant
526 4341 633 4430 patet
664 4315 689 4398 fi
725 4317 805 4400 ulla·
840 4313 966 4400 futura
995 4318 1048 4400 est
1074 4321 1288 4430 spectatori
1321 4352 1462 4435 propo

160 4433 233 4515 srto
254 4432 356 4514 Solis
384 4429 567 4543 Eelipsn,
597 4457 679 4513 tum
706 4455 810 4512 certe
828 4425 994 4512 futuram
1029 4459 1115 4516 cum
1141 4437 1258 4520 Luna
1288 4464 1464 4524 centrum

161 4541 319 4626 viderur
363 4543 403 4625 in
457 4569 519 4638 m,
566 4571 726 4653 tumque
763 4543 878 4623 etiam
920 4545 1124 4628 maximam
1163 4549 1270 4634 Disci
1319 4553 1464 4637 Soletis
1589 4609 1591 4613 ,

162 4683 312 4769 partem
343 4655 500 4744 riLuna
524 4658 752 4769 tegendam:
784 4679 973 4769 patetque
996 4659 1107 4768 quod
1138 4659 1298 4778 srsupra
1326 4668 1464 4750 inven-

1015 4813 1019 4824 ‘
1421 4799 1468 4866 iai
