4322 5686
753 586 826 681 ιιι
935 537 1484 661 'istrianorum
1536 511 1893 652 nursica

756 743 797 826 in
834 697 1277 846 Epicyelo-'Epieyclis·i
1321 735 1361 814 δι
1404 729 1564 846 Telluris
1604 733 1744 816 Orbita·
1778 735 1878 818 Solis
1903 713 2087 818 'coetum

759 865 999 956 intersecabit
1026 851 1192 946 similiter
1224 887 1341 972 atque
1369 863 1504 944 Martis
1532 862 1670 945 Orbita
1697 859 1792 944 illud
1818 853 2024 944 intersecat
2049 861 2088 942 in

759 993 971 1100 systemate
997 981 1207 1095 Tychonico.
1230 983 1331 1093 apud
1358 989 1515 1068 Terram
1545 990 1716 1075 condito.
1792 989 1851 1076 At
1878 991 1996 1098 Jovis
2024 990 2095 1070 Ot‘

760 1120 842 1200 bita
881 1113 981 1198 Solis
1020 1111 1203 1192 Orbitum
1239 1137 1320 1190 non
1359 1106 1593 1211 intersecat,
1635 1109 1699 1198 std
1727 1117 1940 1214 continet,
1981 1116 2023 1196 in
2049 1111 2090 1195 sr-

759 1241 838 1326 'mili
877 1237 1087 1345 Syssemate
1113 1234 1214 1345 apud
1242 1238 1419 1319 Martem.
1507 1239 1715 1341 Secundo,
1760 1242 1932 1350 Syllema
1961 1233 2091 1322 Vene-

759 1373 808 1457 ris
837 1371 875 1451 in
904 1392 1038 1451 centro
1067 1365 1237 1448 immotae
1266 1365 1434 1476 legitime
1462 1365 1605 1448 condet
1633 1365 1918 1464 Astronomus,
1959 1367 2091 1446 Vene-

761 1477 841 1565 rem
881 1471 984 1559 suam
1008 1473 1061 1556 *in
1101 1497 1272 1555 centrum
1316 1474 1627 1584 promovend0‚
1676 1473 1857 1586 simulque
1886 1473 2025 1558 Solem
2054 1477 2091 1554 δι

760 1583 895 1673 'omnes
924 1585 1101 1668 Planetas
1130 1581 1357 1665 tantundem
1383 1577 1510 1666 versus
1539 1582 1701 1669 eandem
1758 1585 1880 1696 lagam
1905 1583 1953 1680 in*
1977 1583 2092 1664 retiis

761 1693 946 1812 parallelis
974 1717 1017 1775 ut
1044 1688 1145 1802 prius
1173 1690 1454 1789 extrudendo,
1495 1687 1559 1774 sed
1587 1721 1667 1775 non
1694 1611 1931 1776 Pirnetrrum
1969 1692 2095 1771 Orbi·

760 1793 874 1903 τιεῖ
925 1826 1003 1885 uas·
1017 1801 1196 1883 immotas
1224 1797 1425 1883 conservat
1458 1854 1469 1883 ‚
1510 1795 1657 1883 easdem
1689 1829 1738 1884 ue
1792 1829 1856 1882 uas
1885 1800 1992 1880 drea
2023 1801 2095 1904 So·

761 1903 839 1997 lem
879 1831 996 2012 (bum
1031 1907 1092 2013 hie
1129 1909 1167 1989 in
1204 1931 1336 1990 centro
1365 1909 1563 2006 maneret)
1601 1829 1899 2004 animiam,
1947 1909 2096 2017 quippe

761 2025 800 2136 in
845 2021 983 2134 quibui
1022 2017 1196 2102 Ptanetas
1230 2017 1436 2098 etianmum
1464 2019 1719 2130 circumagere
1748 2017 1992 2101 Astronomo
2024 2045 2094 2098 no·

601 2225 606 2240 ‚
762 2133 838 2214 stro
868 2129 921 2212 est
950 2127 1194 2210 constitutum
1222 2140 1233 2214 l
1291 2129 1331 2208 ac
1359 2121 1426 2208 fiet
1454 2125 1556 2236 apud
1585 2129 1777 2209 Venerem
1804 2125 1982 2234 Syllema
2006 2121 2092 2204 Pn-

763 2243 997 2334 lemaicum,
1048 2236 1087 2315 in
1131 2261 1213 2344 quo
1242 2260 1379 2344 nempe
1406 2232 1474 2315 Sol
1503 2237 1602 2316 circa
1628 2233 1820 2345 Venerem
1848 2231 2027 2317 defertur
2051 2258 2091 2316 ιιι

761 2341 802 2432 in
842 2343 964 2432 modo
1003 2341 1193 2454 explicato
1228 2341 1436 2449 Systemate
1473 2337 1710 2454 Tycbonico,
1752 2347 1793 2426 &
1819 2343 1982 2426 Planeta
2002 2344 2093 2454 :qui

763 2459 822 2540 uis
851 2459 890 2538 in
918 2451 1102 2564 Epicyclo
1130 2475 1311 2533 movetur
1337 2451 1512 2562 aequali,
1567 2449 1674 2534 limili
1701 2459 1743 2536 &
1771 2453 1965 2536 contrarie
1994 2449 2092 2561 pofi—

763 2581 808 2649 to
835 2563 936 2650 'verae
964 2561 1108 2645 Orbitae
1138 2561 1297 2642 Veneris
1326 2560 1424 2640 circa
1451 2559 1611 2660 Solem,
1647 2561 1818 2673 Epicydi
1846 2586 1976 2643 autem
2006 2589 2092 2642 cen-

645 2731 648 2740 ‹
765 2701 867 2757 trum
908 2675 946 2755 in
976 2669 1109 2753 eadem
1138 2669 1275 2751 Orbita
1304 2673 1344 2749 &
1370 2666 1511 2750 eodem
1528 2665 1688 2782 ‘prorsus
1714 2667 1837 2752 modo
1867 2694 1988 2778 atque
2016 2664 2090 2778 lpse

764 2784 922 2866 Planeta
956 2803 1044 2861 ante
1082 2776 1180 2858 Solis
1209 2773 1461 2861 extrufionem
1489 2774 1538 2860 de
1566 2801 1698 2864 centro
1726 2773 1967 2880 Venerisque
1995 2776 2089 2858 inibi

765 2887 1060 2974 collucationem
1094 2947 1108 2986 ,
1157 2885 1383 2966 &Telluris
1412 2885 1610 2992 Epicyclus
1638 2888 1677 2968 in
1706 2885 1864 2975 Coelum
1893 2886 1995 2980 Solis
2023 2885 2091 2967 de-

765 2995 907 3080 scendit
946 2993 1111 3077 fimiliter
1139 3017 1256 3104 atque
1283 2995 1418 3076 Martis
1446 2995 1647 3104 Epicyclus
1675 2997 1713 3078 in
1741 2993 1847 3078 simili
1876 2995 2089 3104 Systemate

765 3103 867 3216 apud
893 3101 1061 3204 Terram
1079 3096 1238 3184 condito
1265 3131 1275 3188 3
1324 3099 1501 3210 quod&
1529 3130 1551 3182 a
1577 3103 1629 3184 ud
1657 3105 1770 3186 alium
1798 3105 1980 3214 quemvis
2007 3101 2090 3184 Pla·

641 3291 645 3298 .
765 3231 894 3295 nutam
923 3207 1115 3293 obtinebit
1144 3233 1276 3318 prater
1304 3207 1483 3292 Martem.
1551 3128 1644 3293 iloc
1672 3209 1798 3294 modo
1826 3207 1991 3294 effictum
2018 3213 2089 3318 Sy-

763 3323 881 3406 stema
908 3320 1178 3428 Ptolemairurn
1211 3316 1291 3398 fibi
1305 3313 1453 3427 prorsus
1482 3317 1732 3418 consisteret,
1773 3325 1814 3402 &
1842 3344 1971 3404 motus
2002 3347 2090 3402 cen-

763 3431 812 3512 tii
852 3427 1022 3541 Epicycli
1062 3417 1151 3510 effer
1178 3425 1200 3512 t
1228 3425 1319 3509 Sole
1345 3419 1528 3526 solutus,
1573 3453 1701 3512 motus
1729 3427 1827 3514 verb
1854 3429 2022 3511 Planetae
2055 3431 2090 3512 in

764 3539 948 3649 Epicytlo
991 3535 1118 3642 eitlem
1167 3525 1338 3646 alligatus
1373 3595 1386 3632 ‚
1436 3559 1515 3619 tam
1554 3536 1593 3642 in
1631 3535 1873 3622 inferioribus
1927 3535 2089 3620 uimin

765 3637 1050 3762 luperioribusr
1088 3649 1163 3742 ἃ,
1191 3639 1482 3746 universaliter,
1523 3645 1787 3730 Phaenomenis
1816 3649 1923 3731 omni
1948 3675 2000 3728 us
2056 3675 2090 3728 a·

765 3755 855 3839 riter
882 3777 949 3863 per
975 3749 1050 3835 hoc
1079 3753 1249 3861 Systema
1276 3748 1364 3864 satis!
1389 3751 1497 3836 lieret
1525 3778 1639 3860 atque
1667 3783 1734 3866 per
1761 3751 1900 3834 Verum
1930 3781 2004 3840 aut
2029 3675 2089 3864 i]

758 3859 969 3944 'chonicm
1054 3863 1149 3944 Duo
1185 3861 1264 3944 haec
1300 3861 1509 3970 Syllemata
1537 3861 1837 3958 (Ptolemaicum
1873 3865 1917 3946 &
1961 3859 2089 3974 Tycha

763 3977 955 4070 nicam).
984 3971 1201 4081 permutant
1240 3969 1467 4080 Deferenres
1509 3977 1548 4053 &
1587 3971 1786 4084 Epicydos
1827 4007 1837 4054 ε
1903 3975 2088 4085 Namque

763 4075 1009 4190 Tychonicum
1048 4077 1234 4210 eundem¹
1256 4079 1418 4162 Planetis
1459 4075 1638 4207 pmnibus
1680 4079 1807 4164 statuit
1831 4077 2084 4168 Deferentem

765 4187 1006 4406 iiiluliiibietba
1030 4183 1701 4396 sitiruiim'Sofimc?miliiieirsoliosietiiii¹
1722 4185 2087 4408 liipiililpieaeloipi'iirriiig

765 4403 804 4534 pr
841 4400 1006 4486 fimilirer
1038 4400 1183 4514 pofirus
1211 4407 1319 4489 uelis
1364 4397 1656 4516 respettivurum
1693 4403 1938 4494 Planetantm
1973 4405 2087 4530 Orbi-

2041 4537 2087 4595 trs
