4376 5694
252 648 297 730 a
330 639 741 729 caonarnrca
773 651 1120 731 arenarum.
1158 653 1245 729 tn.
1276 653 1385 746 ιν..
1417 675 1494 755 tu

179 784 270 875 lib.
301 789 379 897 1.)
408 793 462 872 ita
495 788 646 873 Orbem
671 815 854 900 magnum
884 816 1094 903 peragrat,
1141 819 1185 878 ut
1208 819 1305 879 areae
1339 819 1408 908 per
1437 820 1694 912 ramma
1745 835 1749 842 ,
1829 825 1832 834 ·

72 943 76 952 ·
179 902 269 987 dios
294 899 345 984 ad
375 901 509 986 Solem
533 900 675 989 dusios
700 897 861 1010 abscillae
895 903 968 986 srnt
1000 906 1242 1021 temporibus
1269 909 1494 1022 proportio·
1534 933 1588 1004 ng.
1617 941 1643 986 ι.

180 1017 302 1102 nales.
363 1011 630 1102 observentur
656 1020 763 1103 Loca
791 1016 894 1102 Solis
932 1021 972 1100 dt
1004 1019 1121 1104 Lunae
1154 1019 1177 1104 ὲ
1210 1024 1369 1108 Tellure
1402 1024 1443 1104 ln
1475 1043 1495 1102 t

179 1125 272 1211 visa.
331 1128 435 1212 Noti
461 1158 557 1242 ergo
588 1123 673 1214 sunt
705 1131 836 1241 anguli
869 1147 992 1228 ars,
1031 1154 1156 1218 ast:
1199 1127 1262 1217 sed
1298 1135 1403 1244 prius
1436 1136 1494 1216 in·

180 1243 312 1328 notuit
343 1267 371 1323 A
390 1269 408 1326 s
427 1265 479 1334 ut
521 1269 616 1354 ergo
648 1269 731 1326 non
770 1243 913 1326 latebit.
949 1266 1058 1327 nst.
1125 1245 1172 1327 In
1201 1245 1394 1359 triangulo
1426 1248 1495 1358 igi·

181 1379 245 1440 tur
282 1376 389 1439 ast
422 1353 524 1440 datia
553 1355 704 1468 angulis
744 1378 879 1454 ars,
911 1377 1013 1440 ast
1047 1357 1331 1443 &lateresa
1366 1358 1384 1468 (
1420 1364 1495 1450 Ot-

183 1467 243 1554 bis
271 1468 402 1580 magni
423 1465 528 1556 linei
548 1498 597 1554 ex
627 1468 724 1554 Sole
755 1466 869 1553 duna
896 1474 936 1553 δι
965 1469 1161 1582 posrtione
1186 1468 1303 1568 dati,
1337 1473 1377 1554 in
1401 1475 1495 1556 Ter·

186 1610 235 1668 rae
266 1584 479 1680 Diatnetris
511 1611 560 1666 ex
584 1582 687 1666 Solis
718 1582 889 1667 Theoria
920 1587 961 1667 dt
991 1580 1178 1689 Parallaxi
1210 1579 1408 1696 co'gnitri)
1437 1590 1495 1666 in·

183 1691 358 1782 notescet
395 1700 435 1778 &
464 1719 530 1777 tn
573 1694 674 1780 latus
705 1695 748 1780 in
779 1693 915 1780 iisdem
952 1693 1059 1780 notis
1089 1689 1299 1780 mensuris:
1336 1695 1416 1780 Sed
1444 1723 1494 1781 etr

183 1808 299 1900 Luna
343 1808 515 1894 Theoria
554 1831 652 1894 nota
693 1809 748 1894 est
794 1811 851 1890 tl
879 1808 1075 1892 'Distantia
1121 1809 1239 1893 Lunae
1276 1805 1300 1891 ὲ
1344 1813 1496 1901 'serrat

185 1949 283 2024 nota
314 1949 410 2034 ergo
445 1925 499 2006 est
532 1927 548 2022 (
581 1948 651 2034 per
690 1949 728 2007 1.
775 1917 918 2022 Dat.)
962 1921 1063 2005 ratio
1102 1920 1204 2003 inter
1236 1921 1289 2002 tl
1319 1923 1359 2004 oa
1388 1933 1514 2022 'aas

185 2035 368 2147 adeoque
401 2039 441 2118 δι
471 2035 571 2118 inter
603 2057 687 2133 at,
722 2037 791 2118 al.
850 2037 1000 2132 Porto,
1028 2057 1076 2117 ex
1103 2028 1345 2114 Melania
1379 2029 1497 2118 notis·

186 2147 321 2234 fimum
354 2149 410 2233 est
448 2148 615 2233 eandem
643 2146 719 2233 elle
752 2149 945 2231 rationem
986 2145 1186 2259 gravitatis
1221 2147 1337 2232 Lunae
1368 2142 1498 2234 versus
1602 2159 1604 2164 '

186 2262 447 2372 longinquum
480 2263 615 2346 Solem
651 2261 704 2347 ad
728 2262 960 2372 gravitatem
991 2267 1118 2347 Terra·
1143 2256 1271 2344 versus
1303 2259 1496 2360 eundem,

172 2375 267 2459 ltoc
286 2375 339 2457 est
364 2384 382 2477 (
403 2403 473 2487 per
500 2374 649 2458 Corol.
683 2377 801 2488 Prop.
838 2395 1008 2458 xnvrr.
1050 2372 1137 2456 Lib.
1175 2375 1254 2482 1.)
1288 2374 1497 2482 Qantita·

186 2490 237 2574 ris
269 2490 435 2572 materia
466 2491 505 2572 in
538 2491 647 2572 Luna
677 2489 729 2572 ad
763 2486 1035 2592 Qtantitatem
1064 2487 1231 2570 materia
1272 2484 1313 2568 in
1350 2489 1497 2586 Terra,

187 2625 308 2714 atque
345 2606 456 2685 redlae
500 2623 558 2685 at
589 2599 644 2704 ad
668 2601 734 2684 ,al
765 2603 906 2684 tedam
923 2628 949 2687 3·
971 2597 1132 2684 definita
1166 2625 1262 2710 ergo
1300 2595 1355 2680 est
1394 2600 1496 2682 ratio

190 2714 432 2829 Qantitatis
468 2713 635 2799 materiae
683 2717 724 2799 in
756 2717 867 2798 Luna
908 2707 961 2794 ad
1013 2715 1285 2821 Qantiratem
1330 2711 1501 2794 materia

189 2829 388 2916 inTerra.
437 2831 628 2938 Qun.
961 2875 966 2888 ·
1038 2825 1041 2830 ’
1200 2855 1203 2862 ·
1600 2903 1620 2940 χ

247 2945 487 3056 Temporurn
517 2941 568 3026 ad
598 2943 699 3028 hanc
735 2931 1060 3032 Observationetn
1098 2935 1368 3024 instituendam
1386 2965 1387 2968 ‘
1403 2933 1499 3020 alte·
1609 2975 1631 2986 -

192 3082 280 3145 rum
303 3059 343 3139 in
380 3058 483 3142 Solis
514 3061 554 3140 δι
583 3055 701 3142 Lunae
725 3056 921 3170 syzygia,
962 3050 1128 3135 alterum
1165 3079 1289 3168 prope
1320 3047 1499 3161 Quadra·
1671 3115 1679 3135 ,

194 3195 321 3260 turam
354 3169 535 3284 eligitur,
577 3173 819 3283 unangulus
850 3190 939 3252 ast
974 3167 1097 3269 major
1132 3159 1213 3250 fiat.
1478 3239 1484 3254 .

252 3284 364 3368 Idem
389 3283 558 3370 similiter
586 3288 626 3366 dt
663 3312 712 3368 ex
746 3281 878 3367 iisdem
939 3277 1107 3392 rincipiis
1138 3276 1336 3390 colligitur
1363 3305 1413 3362 ex
1444 3273 1502 3470 p
1515 3353 1543 3395 a

192 3395 302 3486 versa
336 3398 632 3482 Semidiametro
656 3421 867 3511 apparente
896 3311 999 3476 ulnis
1031 3395 1070 3476 in
1105 3390 1326 3475 Novilunio
1355 3395 1395 3472 δε
1420 3392 1507 3471 Pet

195 3511 374 3602 niluniot
401 3511 468 3598 illa
503 3510 607 3596 eninr
640 3511 830 3608 (caeteris
866 3505 1066 3622 paribus)
1100 3507 1142 3590 in
1174 3503 1399 3590 Novilunio
1431 3485 1538 3586 mi·'
1597 3615 1601 3624 ἱ

199 3625 386 3727 norell,
431 3622 716 3716 inPlenilunio
750 3619 886 3736 major.
1038 3708 1043 3717 ,

642 3792 1061 3882 Senotrou.
1164 3822 1182 3853 ·

258 3935 503 4084 lnequaltas
527 3961 706 4082 praedidla
727 3964 768 4048 in
794 3963 912 4049 Motu
936 3969 1083 4058 Terrae,
1113 3953 1256 4045 exinde
1280 3973 1367 4040 otta
1393 3949 1506 4066 quod
1639 3960 1645 3974 '

203 4111 288 4174 non
319 4085 396 4196 ipsa
425 4084 558 4168 Tellus
599 4075 665 4163 sed
703 4103 912 4162 commune
947 4098 1123 4160 centrum
1150 4071 1350 4184 gravitatis
1378 4073 1506 4152 Terrae

149 4211 159 4224 '
189 4205 263 4286 1&
279 4202 393 4281 lunae
424 4199 465 4282 in
489 4193 600 4280 Orbe
632 4219 777 4304 magno
809 4187 955 4274 feratur
983 4181 1165 4298 areasque
1195 4184 1247 4267 ad
1268 4182 1402 4266 Solem
1427 4173 1509 4264 des·

205 4311 330 4399 cribat
366 4309 605 4424 temporibus
635 4304 980 4420 proportionales,
1010 4295 1085 4384 sese
1121 4299 1239 4383 etiam
1265 4297 1304 4379 in
1332 4295 1509 4378 Planeta·
1587 4339 1604 4372 .

193 4455 291 4513 'rum
319 4423 416 4507 locis
440 4418 689 4506 observandis
720 4417 901 4503 ostendit,
959 4417 1020 4501 Est
1044 4411 1191 4527 quippe
1215 4409 1405 4495 menstrua
1429 4409 1508 4492 haec
1639 4424 1642 4432 ’

204 4535 413 4628 Parallaxis
447 4537 585 4620 Martis
632 4531 903 4646 Achronychii
938 4531 1093 4642 duplo,
1143 4531 1183 4608 dt
1221 4519 1385 4607 Veneris
1425 4520 1510 4604 Soli
1555 4619 1563 4633 ,

209 4655 421 4762 conjuncta
455 4655 503 4746 ,a
527 4647 760 4761 retrograda
795 4645 1068 4848 triplonajor
1098 4665 1216 4756 quam
1240 4637 1367 4736 Solis,
1385 4633 1404 4743 (
1421 4660 1511 4766 cunt

758 4833 765 4844 .
987 4779 1012 4862 3
1055 4805 1062 4826 ι
1469 4773 1512 4834 ur
