4420 5692
326 531 370 601 o
408 521 799 599 eaonarrtrca
833 522 1172 598 ursmarum
1209 527 1294 601 tn.
1332 523 1401 598 JV.
1475 547 1546 619 433

244 685 348 748 terea
379 663 401 746 :i
431 669 538 749 redo
569 665 721 748 tramite
748 663 929 748 deflectet
954 661 993 744 in
1019 661 1094 745 illis
1125 645 1243 775 quam
1269 662 1308 742 in
1341 653 1455 743 hisce.
1482 659 1549 740 Sa-

240 779 373 862 tellitis
396 780 512 890 igitur
541 779 619 860 Via
644 781 800 861 curvior
828 775 945 860 estin
977 775 1234 890 Qradraturis
1259 805 1280 860 c
1307 779 1348 858 dc
1380 799 1407 857 u
1434 799 1551 884 quam

240 891 279 974 in
315 891 540 1004 Syzygiisu
569 895 610 975 δι
643 917 685 974 u.

637 1061 1140 1154 Ctonorcnntum.

297 1235 355 1316 Ex
376 1209 573 1344 'praedictis
595 1225 764 1344 sequitur
794 1203 1010 1316 Satellitem
1050 1257 1101 1329 u,
1138 1230 1156 1342 (
1181 1230 1324 1317 caeteris
1358 1223 1512 1344 paribus
1531 1223 1549 1332 )
1567 1253 1722 1348 nam

239 1343 394 1458 longius
432 1345 615 1431 recedere
649 1347 673 1428 ai
705 1345 891 1428 Primario
928 1370 958 1428 τ
989 1347 1029 1428 in
1064 1344 1320 1456 Qtadraturis
1351 1367 1468 1454 quam
1503 1339 1545 1420 in
1582 1339 1639 1411 Μ’
1659 1357 1688 1397 ²·

239 1461 430 1572 syzygiis.
488 1463 579 1542 Hoc
620 1461 735 1571 pado
774 1459 958 1544 Satellitis
1000 1459 1143 1544 Orbita
1184 1461 1285 1542 circa
1327 1456 1552 1540 Primarium

239 1575 421 1683 Elliptica
446 1571 554 1686 quast
580 1571 649 1670 fit,
684 1575 792 1679 cujus
815 1595 995 1670 centrum
1018 1573 1219 1656 Primarius
1245 1595 1446 1686 occupata
1472 1597 1550 1651 ma-

80 1795 82 1799 y
238 1686 300 1792 jor
332 1687 429 1770 Axis
460 1681 663 1794 Qadrata
694 1687 799 1773 Solis
831 1689 1056 1790 interjacet,
1096 1687 1226 1770 minor
1256 1685 1471 1797 Syzygias:
1498 1683 1550 1768 fic

240 1799 343 1883 enim
375 1799 516 1882 Orbita
547 1799 705 1883 curvior
734 1803 787 1884 est
818 1801 897 1884 illic
922 1827 1041 1914 quam
1076 1800 1154 1882 hic.
1207 1799 1345 1911 Atque
1370 1825 1550 1911 augmen·

240 1935 324 1995 turn
355 1913 563 1997 celeritatis
593 1913 778 1996 Satellitis
808 1942 934 2026 prope
969 1915 1151 2025 Syzygias
1181 1907 1372 1997 diversum
1405 1913 1479 1996 erit
1508 1913 1551 1994 in
1640 1908 1643 1912 ’

240 2025 382 2109 Orbita
408 2026 507 2124 hac,
532 2023 583 2110 ab
610 2026 680 2110 illo
706 2029 819 2139 quod
846 2023 970 2111 suillet
997 2030 1037 2108 in
1070 2026 1210 2110 Orbita
1236 2025 1409 2110 circulari
1429 2029 1546 2139 Prop,

239 2165 353 2250 praec.
388 2141 481 2250 quia
506 2141 579 2220 Vis
611 2164 655 2222 ut
685 2165 716 2222 m
745 2165 775 2223 rr
799 2139 985 2223 Satelliris
1026 2161 1179 2225 morum
1213 2141 1461 2223 accelerantis
1481 2164 1553 2224 aur

240 2250 471 2334 retardantis
495 2250 656 2334 dirediio
680 2253 832 2337 aliaest
861 2255 900 2336 in
935 2253 1061 2351 hanc,
1086 2255 1161 2336 alia
1190 2255 1229 2335 in
1260 2255 1380 2336 illam.

297 2368 396 2467 Quae
429 2365 491 2446 hic
522 2361 747 2448 dictasunt
784 2367 837 2450 de
878 2367 1014 2476 Figura
1046 2367 1193 2449 Orbirae
1230 2367 1410 2450 Satelliris
1448 2365 1551 2449 circa*

239 2477 464 2561 Primarium
501 2476 685 2560 obtinent
722 2501 900 2574 tantum,
937 2477 989 2574 fi,
1019 2475 1169 2561 exclusi
1197 2481 1350 2560 adione
1391 2479 1462 2560 Vis
1482 2507 1548 2560 ex·

241 2617 379 2675 ttaneae
394 2591 520 2687 Solis,
549 2591 629 2694 ejus
645 2589 785 2676 Orbita
808 2591 914 2676 foret
934 2589 1116 2673 Primario
1134 2590 1413 2674 Concentrica.
1439 2592 1552 2672 Nam‘

241 2703 529 2788 srExcenrrica
559 2701 638 2802 stt,
681 2702 765 2788 fieri
805 2703 1008 2818 potestur
1050 2703 1213 2787 Satelles
1263 2723 1289 2785 r
1342 2705 1554 2813 perhanc

240 2817 578 2909 Excentricitatem
596 2817 751 2930 longius
775 2815 872 2901 absrt
895 2813 1120 2900 dPrimario
1139 2844 1195 2916 τ,
1226 2819 1266 2898 δι
1283 2843 1331 2899 ex
1355 2817 1426 2900 illo
1443 2811 1549 2928 spec·

241 2930 505 3015 tatustardius
534 2953 741 3013 moveatur
774 2933 814 3014 in
846 2931 1023 3042 Syzygiis
1042 2955 1160 3041 quam
1193 2932 1233 3011 in
1260 2927 1515 3030 Quadraturis
1533 2951 1554 3018 ι’

241 3071 329 3128 cum
351 3067 492 3155 nempe
510 3043 674 3126 Satelles
692 3042 879 3157 Apstdem
899 3041 1082 3126 summam
1105 3044 1145 3125 in
1162 3043 1455 3148 Conjundlione
1479 3041 1553 3123 vel

241 3156 502 3269 Opposrtione
521 3181 610 3238 cum
629 3156 721 3240 Sole
742 3153 957 3242 versantem
982 3181 1103 3241 tenet.
1152 3155 1232 3240 Sed
1269 3161 1309 3238 δι
1338 3157 1401 3239 hic
1429 3157 1548 3240 etiam

238 3268 349 3382 supra
366 3269 624 3353 demonstrata
642 3269 774 3354 locum
792 3269 1019 3367 habebunt,
1052 3271 1196 3354 caeteris
1221 3269 1376 3384 paribus
1394 3303 1406 3360 r
1446 3271 1547 3352 cele·

238 3384 317 3467 rius
339 3382 442 3466 enim
459 3405 620 3493 propter
633 3381 773 3466 dictam
793 3383 887 3468 Vim
910 3404 955 3464 ut
988 3409 1019 3464 ιι
1048 3407 1078 3466 ιι
1114 3384 1340 3467 movebitur
1384 3385 1546 3468 Satelles

238 3499 356 3693 ptiam
374 3519 479 3690 ippnc
495 3495 518 3592 ‚'
549 3497 589 3575 &
622 3497 781 3604 propius
812 3495 863 3581 ad
896 3497 1120 3582 Primarium
1149 3495 1314 3599 accedet,
1346 3525 1464 3611 quam
1479 3502 1547 3585 ab·

283 3635 332 3693 ue
418 3629 454 3690 a.
844 3651 847 3658 ν

255 3639 478 3806 qPraediera
512 3718 661 3805 Orbita
691 3717 875 3804 Satelliris
903 3716 1023 3831 figura
1047 3721 1227 3831 Elliptica
1259 3724 1298 3806 in
1338 3723 1445 3809 Luna
1468 3723 1548 3809 ani·
1627 3777 1633 3790 ·

240 3830 439 3920 madversa
471 3831 544 3916 fuit
569 3832 618 3916 ab
650 3831 879 3918 Acutilsrmo
907 3836 1146 3918 Astronomo
1174 3829 1247 3912 Ed.
1277 3832 1453 3932 Hellen,
1479 3839 1553 3949 qui'

241 3949 363 4036 Anno
396 3957 501 4056 1679
542 3946 647 4029 illam
672 3946 838 4058 publico
870 3947 1173 4030 communicavit
1204 3948 1345 4058 primus
1378 3948 1417 4031 in
1456 3956 1550 4036 Tra.

243 4067 344 4148 datu
378 4062 429 4146 de
463 4057 691 4178 Qibujdaem
727 4057 897 4140 Lunaeris
936 4056 1093 4140 Theoriae
1120 4055 1424 4141 Emendatiouem
1448 4061 1549 4174 spec..

240 4176 419 4260 cantibus.
478 4155 558 4256 sed
587 4178 627 4255 δι
660 4172 768 4256 idem
796 4171 819 4256 ὲ
846 4175 901 4257 D.
944 4173 1089 4254 Picaerd
1115 4176 1191 4276 jam
1228 4174 1320 4256 inde
1356 4175 1405 4257 ab
1442 4203 1549 4263 anno
1658 4259 1660 4263 ,

246 4299 353 4382 1668
384 4281 688 4373 animadversum
720 4289 878 4372 testatur
901 4285 1109 4370 Academia
1136 4281 1387 4372 Sciemiarum
1429 4285 1551 4371 Galli·

242 4431 286 4484 τι
308 4399 477 4512 Historia
506 4405 628 4486 Anno
664 4411 770 4542 1o98
799 4399 926 4488 edita·

907 4625 949 4722 Α
974 4647 1000 4734 3
