4322 5686
235 544 617 630 d'GEOMETRI
630 545 658 628 C
664 552 713 626 Δ
735 547 1195 661 ELE·MENTA·1-·erc
1211 554 1274 664 W:
1372 581 1443 658 743

133 715 210 776 tem
223 659 440 791 altissimum
464 739 478 780 ‚
505 705 611 766 extra
636 683 776 767 Volvet
797 680 1071 794 vattnospaeram
1102 685 1185 772 sero
1205 689 1413 776 exstantem
1428 677 1454 788 ,⁶

132 804 170 882 in
204 794 371 904 margine
402 790 542 873 Volvae
568 793 722 900 reperiri
756 823 766 882 ς
822 791 884 874 ille
911 851 925 890 ,
954 797 991 876 in
1025 822 1144 905 quem
1173 799 1312 880 montis
1344 801 1442 884 istius

131 903 266 992 umbra
298 897 430 982 incidit
459 959 472 996 ,
500 900 598 984 Solis
624 901 750 984 lumen
780 899 927 1011 penitus
955 905 1133 1002 amittet,
1162 933 1232 989 nec
1255 905 1454 991 refradtio'

131 1015 188 1097 nis
221 1010 413 1098 radiorum
444 1007 674 1108 Solarium,
713 1007 763 1092 acl
806 1009 948 1093 Volva
986 1009 1271 1122 atmosphaeram
1307 1013 1452 1114 freto-,.

129 1121 319 1207 beneficio
346 1118 480 1201 srnitur
510 1153 519 1201 ε
578 1119 722 1230 quique
753 1121 908 1202 eminus·
927 1123 1067 1205 Volvae
1092 1123 1264 1205 umbram
1292 1122 1335 1205 in
1364 1127 1453 1206 bu*

129 1259 187 1314 nae
227 1225 366 1314 discum
405 1251 602 1334 exceptam
628 1229 778 1327 cernit,
819 1228 1004 1312 maculam
1034 1230 1274 1340 nigerrimam
1305 1233 1441 1314 istoin

129 1341 219 1423 loco
253 1335 414 1420 videbit.
481 1339 555 1420 .Ex
592 1336 709 1420 altera
735 1361 872 1446 parte,
902 1339 1003 1421 nulla
1033 1340 1087 1420 est
1114 1339 1175 1420 hic
1200 1339 1441 1424 tenebrarum

129 1447 285 1532 inSolis
300 1441 435 1552 Eclipsr
460 1445 675 1526 imminutio
699 1470 858 1555 propter
880 1445 1097 1535 illustratam
1129 1448 1358 1557 Spectatoris
1386 1472 1452 1532 at-.

129 1553 406 1666 mosphaeram,
434 1553 575 1664 quippe
606 1553 763 1636 nullam.

181 1776 330 1869 Porr0,
359 1795 534 1882 ternpore
569 1767 749 1854 Defectus
778 1770 905 1870 Solis,
923 1774 1069 1856 Lumen
1097 1769 1274 1881 utrinque
1302 1771 1451 1856 acumi.

128 1907 257 1964 natum
286 1881 336 1964 ab
364 1905 532 1990 utroque
572 1882 672 1965 Solis
711 1879 828 1963 latere
866 1875 1069 1962 secundum
1104 1879 1325 1985 Eclipticam
1353 1907 1452 1989 pro-1

106 1985 270 2074 ¹tensum
301 1989 384 2088 (de
422 2015 503 2100 quo
531 1987 661 2069 Schol.
697 1991 814 2094 Prop.
845 2013 947 2072 vm.
977 1989 1062 2070 [ib.
1096 2014 1144 2071 11.
1174 1986 1316 2070 didlum
1343 1988 1442 2084 est)

126 2098 226 2180 clare
254 2093 277 2178 i
305 2095 489 2178 Lunicola
516 2085 733 2192 videditur,
762 2095 789 2177 sr
818 2092 1122 2206 corpusculorum
1145 2087 1343 2207 congeries
1364 2097 1445 2179 len-

123 2203 290 2288 tisormis
318 2203 411 2288 illud
438 2201 652 2313 producens
681 2229 761 2286 tum
789 2204 920 2288 existat
958 2239 967 2286 ε
1026 2205 1147 2288 immo
1175 2205 1320 2289 Lumen
1348 2201 1447 2286 hoc·
1568 2229 1571 2235 ’

122 2340 170 2396 ce
198 2315 314 2396 etiam
343 2337 450 2396 extra
477 2309 636 2420 Eclipsrn
666 2337 839 2396 cernetur
874 2311 902 2394 fi
938 2314 1007 2397 Sol
1036 2313 1085 2396 ab
1113 2314 1240 2396 Oculo
1267 2337 1441 2398 arceatur

126 2449 196 2550 per
221 2419 483 2534 interposttum
512 2419 672 2532 aliquod
699 2449 836 2530 eorpus
864 2449 1026 2549 opacum
1055 2421 1248 2510 rotulus
1277 2449 1442 2534 namque

124 2560 164 2612 rn
193 2531 302 2613 Luna
334 2528 474 2640 posttus
511 2558 590 2612 non
626 2525 782 2611 afficitur
810 2529 922 2612 radiis
949 2531 1003 2612 ob
1036 2527 1226 2612 ambiente
1262 2529 1445 2622 illustrata

123 2635 374 2748 atmosplrtera
402 2640 587 2736 reflexis,
616 2633 702 2719 clun
731 2638 834 2719 nulla
861 2640 1006 2720 Lunam
1034 2637 1209 2733 ambiat,
1238 2635 1351 2749 quod
1375 2666 1441 2720 ex·

123 2745 216 2830 incle
247 2742 447 2830 verisimile
475 2748 528 2830 est
560 2803 573 2843 ,
613 2745 721 2854 quod
757 2745 823 2828 illa
861 2770 940 2828 tarn
978 2741 1128 2852 precise
1166 2741 1444 2856 circumscripta

122 2855 332 2954 videatur,
362 2884 433 2940 nee
461 2854 510 2937 ad
536 2878 723 2942 extrunas
753 2881 838 2938 oras
865 2849 1029 2938 evanida
1056 2881 1100 2935 ac
1132 2853 1237 2936 velut
1264 2851 1442 2964 lanugine

77 2962 273 3082 “initat
329 2963 515 3076 quodque
552 2961 679 3046 Stellae
713 2963 871 3073 margini
907 2963 986 3064 ejus
1021 2962 1245 3072 propinquae
1285 2965 1440 3046 minime

122 3069 197 3156 fint
226 3066 453 3168 offuscatur,
491 3068 593 3168 sed,
631 3069 757 3152 doner
785 3071 935 3178 penitus
972 3093 1188 3180 tegantur,
1231 3070 1371 3156 vivida
1400 3075 1441 3152 dt

121 3177 328 3368 sulfientes,
411 3183 573 3287 Propter
615 3174 731 3286 ipsam
773 3179 870 3259 hanc
909 3173 1163 3286 atmospharae
1205 3176 1437 3274 absentiam,

121 3315 272 3369 nuum
314 3287 386 3368 erit
414 3287 605 3370 Lunicolis
647 3288 726 3368 Cre
754 3281 920 3367 usculum
954 3341 967 3380 ,
1020 3285 1235 3366 anteSolis
1265 3283 1444 3383 (saltem

121 3391 354 3505 splendentis
383 3391 637 3504 atmosplraerae
667 3313 844 3486 Soiiris)
873 3415 1033 3474 ortum,
1061 3417 1126 3472 aut
1155 3393 1238 3499 post
1265 3393 1346 3494 ejus
1375 3419 1442 3474 oc·

123 3497 249 3584 casum
278 3534 290 3590 ς
334 3497 493 3607 cessante
522 3503 697 3586 nimirum
710 3497 880 3594 causti,
920 3526 1003 3605 quae
1032 3497 1126 3580 illud
1155 3496 1255 3608 apud
1282 3505 1444 3582 Terram

122 3609 306 3719 producit
336 3644 344 3690 :
389 3637 506 3718 porro
537 3608 641 3691 nulla
669 3607 874 3718 Syderibus
902 3603 1091 3690 Resradtio
1125 3608 1346 3719 continget,
1375 3635 1441 3688 ne-

87 3715 827 3826 ,wmmmmmm

149 3933 371 4014 -Hadlenus
412 3927 669 4042 supposuimus
713 3932 886 4014 Volvatn
927 3931 1116 4015 Luniculis
1149 3933 1354 4016 immotam
1399 3929 1441 4014 in

119 4039 252 4134 ,Coelo
280 4039 400 4137 stare,
430 4041 522 4166 quia
550 4067 683 4123 revera
718 4037 797 4122 sere
831 4035 880 4122 stc
907 4035 950 4122 fit
980 4073 988 4120 ε
1046 4035 1279 4122 Armorum
1319 4066 1441 4150 quen·

120 4147 217 4240 dam
255 4145 369 4228 habet
425 4147 709 4246 hbratorium,
770 4174 851 4256 quo
907 4145 1060 4230 cuilibet
1101 4147 1294 4256 Lunicolae
1339 4173 1440 4228 nunc

121 4251 301 4345 nonnihil
338 4254 377 4334 in
414 4255 512 4336 hanc
539 4279 731 4366 partem,
779 4281 921 4348 nunc,
961 4254 1159 4352 inlocum
1218 4259 1353 4339 riorem
1385 4281 1441 4336 re·

121 4357 234 4469 uersa
251 4419 264 4456 ,
284 4360 332 4476 sn
357 4359 573 4478 opprimam
602 4363 733 4472 postea
770 4361 923 4478 moueri
957 4360 1121 4471 ¹videtur.
1194 4466 1197 4476 .
1252 4390 1337 4447 otus
1375 4389 1440 4444 au·

120 4454 296 4580 remitit
335 4465 474 4554 Volvae
502 4463 719 4560 libratorius
767 4469 814 4662 iit}
848 4468 944 4554 duos
980 4469 1186 4558 commode
1214 4467 1443 4658 dimittier

824 4595 893 4670 r2
