4420 5692
712 635 782 710 432
933 615 1456 694 ASTRONOMIAE
1515 617 1855 695 PHYSICAE

543 803 595 866 tal
623 781 751 860 mu
793 755 948 868 reliquis
982 750 1140 842 Viribus
1172 759 1337 870 agitatus
1378 785 1485 843 areas
1522 787 1590 871 per
1629 757 1777 842 radium
1823 755 2017 838 veriorem

580 883 681 958 lit-1·
725 871 966 982 temporibus
997 873 1309 986 proportionales
1344 901 1447 957 nunc
1488 870 1678 956 describit.
1736 873 1844 952 Dum
1859 893 2015 951 -verou

718 985 974 1098 quadrantem
1008 1011 1036 1068 1>
1065 1015 1087 1070 u
1114 1011 1321 1098 peragrat,
1360 1015 1443 1070 sm
1489 986 1622 1070 deficit
1652 984 1702 1068 ab
1733 1005 1831 1080 su,
1873 985 1913 1062 dc
1946 981 2017 1062 Vis

718 1099 947 1212 perturbans
975 1094 1272 1212 descriptionem
1305 1129 1401 1184 areae
1425 1127 1495 1212 per
1518 1101 1666 1184 radium
1689 1101 1885 1180 vectorem
1909 1123 1936 1178 r
1968 1121 2015 1190 u,

717 1242 800 1324 quo
835 1217 960 1297 minus
1000 1211 1046 1296 stt
1070 1216 1237 1328 tempori
1269 1214 1597 1326 proportionalis,
1637 1240 1721 1326 quae
1751 1211 1871 1294 estut
1901 1231 2015 1302 uu,

716 1328 970 1412 dircdlionem
1001 1328 1051 1410 ab
1086 1354 1117 1410 u
1153 1323 1282 1410 versus
1319 1352 1349 1410 Ν
1392 1326 1470 1410 five
1504 1328 1554 1411 ab
1589 1355 1615 1409 L
1659 1319 1788 1408 versus
1822 1349 1843 1403 r
1883 1321 1899 1423 (
1938 1321 2015 1402 hoc

716 1445 799 1538 est,
834 1443 875 1524 in
902 1436 1215 1552 consequentia)
1241 1442 1388 1538 habet,
1426 1467 1472 1522 ac
1505 1439 1672 1552 proinde
1702 1463 1854 1521 motum
1897 1432 2016 1522 Satcl·

716 1555 794 1639 litis
826 1554 866 1636 in
901 1555 972 1637 illo
999 1553 1216 1666 quadrante
1243 1556 1472 1664 accelerat:
1514 1555 1599 1664 post
1632 1551 1917 1663 oppositionem
1948 1573 2016 1629 ve·

717 1696 762 1752 ro
794 1669 833 1750 in
871 1693 921 1766 u,
951 1695 976 1750 ι
1004 1695 1024 1749 t
1056 1668 1181 1752 tendit
1206 1671 1246 1751 in
1273 1667 1606 1763 antecedentiam,
1641 1691 1790 1748 motum
1822 1690 1870 1746 ue
1902 1687 2015 1744 retar-

716 1781 810 1880 dat,
848 1780 977 1866 donec
1012 1783 1052 1864 in
1078 1783 1312 1894 quadratura
1351 1781 1402 1865 ad
1436 1808 1462 1864 c
1508 1776 1711 1864 evanescat
1740 1693 1861 1862 ruilus
1893 1801 1923 1858 u
1952 1785 2022 1902 q]

716 1891 869 2010 ejusque
899 1896 1064 2006 proinde
1102 1893 1257 1980 effeetus
1288 1893 1441 1988 cell'cnt.
1501 1890 1665 1989 Rursus,
1712 1919 1799 1975 cum
1831 1889 1902 1971 Vis
1929 1915 1961 1968 u
1984 1916 2013 1970 rt

715 2008 944 2122 perturbans
982 2005 1280 2120 descriptionem
1309 2037 1405 2095 areae
1438 2037 1556 2122 quarn
1590 2009 1718 2090 radius
1749 2031 1830 2106 rr,
1867 2002 2013 2096 verrit,

715 2152 764 2206 ne
795 2119 843 2204 sc.
882 2123 963 2204 hac
1003 2121 1047 2205 srt
1083 2125 1250 2234 tempori
1289 2123 1622 2237 proportionalis,
1650 2122 1687 2200 in
1719 2115 1873 2200 transitu
1894 2115 2014 2197 Satel-

715 2235 839 2322 litisi't
877 2265 900 2318 c
936 2235 986 2318 ad
1024 2264 1079 2332 o,
1128 2233 1249 2318 velit
1291 2265 1318 2318 o
1353 2237 1403 2319 ad
1437 2263 1489 2334 n,
1532 2265 1598 2348 per
1627 2261 1719 2317 etuo
1755 2254 1938 2340 augeatur
1973 2232 2012 2308 Sc

715 2351 754 2432 in
792 2375 816 2430 o
853 2375 899 2432 ac
933 2371 954 2429 u
988 2347 1033 2432 stt
1077 2349 1273 2444 maxima,
1319 2355 1359 2431 δι
1391 2349 1481 2431 hinc
1524 2263 1647 2430 rurssu
1679 2370 1867 2458 perpetuo
1904 2341 2012 2422 dimi-

715 2487 853 2546 nuatur
890 2459 1020 2544 donec
1064 2462 1227 2544 Satelles
1271 2463 1473 2570 perveniat
1512 2463 1553 2542 in
1594 2486 1621 2542 u
1666 2459 1731 2541 vel
1765 2484 1789 2539 c
1824 2455 1890 2536 ubi
1925 2481 2013 2576 eva-

714 2571 832 2662 nescit
862 2607 875 2664 r
902 2599 1010 2688 patet
1033 2575 1216 2684 Satellitis
1249 2574 1298 2668 stc
1330 2575 1539 2688 perturbati
1568 2599 1717 2656 motum
1750 2567 1824 2654 elle
1854 2568 2012 2648 velocis-

714 2689 848 2772 stmum
882 2695 900 2798 (
935 2690 1079 2770 caeteris
1110 2689 1311 2798 paribus)
1345 2691 1396 2770 in'
1417 2689 1592 2799 Syzygiis
1630 2690 1723 2768 u&
1757 2709 1823 2787 o,
1860 2679 2013 2764 carditu-

713 2825 820 2884 mum
853 2801 895 2884 in
934 2797 1189 2907 Qtadraturis
1224 2805 1317 2884 c&
1347 2829 1391 2884 o.
1426 2805 1489 2910 Q
1507 2804 1551 2884 E.
1578 2801 1634 2883 D.

1000 2963 1540 3078 uuor‘osrrto
1631 2991 1708 3074 11.
1768 2995 1812 3032 „

712 3171 842 3289 Iisdem
861 3197 909 3290 po
918 3181 998 3263 trit,
1026 3172 1202 3262 Saarna
1228 3203 1253 3264 L
1272 3177 1413 3262 Orbita
1438 3188 1537 3264 circa
1561 3179 1794 3263 Primarirtm
1810 3205 1842 3264 τ
1864 3177 2011 3290 desc'rr'p·

768 3315 811 3372 ra
837 3291 855 3402 (
881 3297 1008 3373 carerr'c
1030 3290 1185 3404 paribus
1208 3295 1225 3404 )
1252 3301 1366 3405 magu
1398 3323 1515 3377 curva
1552 3295 1602 3398 est
1637 3300 1681 3374 in
1715 3321 1739 3380 c
1770 3291 1815 3385 ἀ
1846 3320 1874 3378 1>
1908 3291 2009 3413 Qa-

765 3401 925 3490 draerrrrri
955 3434 1036 3489 cum
1070 3401 1182 3490 Sole,
1219 3434 1338 3520 qum
1365 3412 1408 3491 in
1437 3402 1598 3520 Syzygir't
1630 3433 1655 3491 o
1689 3405 1734 3502 ά
1765 3433 1799 3492 u.

822 3595 908 3678 Um
939 3593 1043 3680 enim
1068 3596 1229 3682 Satelles
1263 3624 1288 3681 n
1317 3597 1493 3682 velocius
1523 3621 1729 3681 moveatur
1761 3603 1800 3686 itt
1839 3599 2012 3714 Sy‘zygiit

536 3739 600 3806 rue
616 3741 666 3822 ug.
682 3759 729 3802 2.·
828 3735 941 3822 quam
973 3709 1014 3790 in
1054 3710 1340 3828 Quadraturis,
1386 3713 1512 3794 minut
1542 3709 1719 3796 deflectet
1748 3711 1770 3798 ai
1799 3720 1904 3799 reuo
1938 3737 2012 3796 tra.

710 3827 804 3914 mite
821 3882 835 3924 ,
880 3850 998 3935 quem
1031 3825 1073 3907 vi
1105 3821 1214 3908 inliti
1245 3819 1325 3908 sold
1354 3820 1606 3920 describeret,
1642 3827 1683 3907 in
1714 3827 1789 3910 illis
1819 3855 1936 3940 quarn
1966 3826 2007 3908 in

710 3933 840 4024 hister
871 3935 949 4018 hoc
978 3937 1061 4029 est,
1087 3937 1272 4018 Satellitis
1297 3935 1437 4018 Orbita
1459 3936 1583 4019 minus
1612 3963 1730 4024 curva
1754 3941 1807 4024 est
1832 3945 1871 4023 in
1896 3943 2007 4024 Con-

710 4049 906 4156 iundlione
937 4049 976 4128 δε
1010 4045 1269 4158 Opposrtione
1304 4075 1420 4159 quarn
1452 4049 1491 4129 in
1534 4053 1799 4154 QuadratutiS.
1855 4055 1933 4136 Sed
1966 4055 2007 4132 Sc

711 4163 833 4266 major
857 4155 937 4242 haec
965 4159 1156 4242 Curvedo
1198 4161 1347 4244 exalia
1376 4161 1493 4244 etiam
1532 4159 1640 4247 causa
1677 4168 1860 4275 provenit
1886 4197 1895 4245 ι
1933 4166 2006 4245 Vis

707 4299 752 4362 ut
784 4303 815 4356 u
842 4293 871 4352 Ν
901 4275 919 4386 (
945 4269 995 4354 de
1020 4299 1098 4384 qua
1121 4277 1237 4386 Prop.
1269 4301 1382 4386 praec.
1412 4281 1428 4375 )
1458 4275 1498 4356 in
1531 4276 1821 4380 eonjunuione
1857 4285 1897 4360 u
1922 4283 2003 4389 Op-

706 4385 899 4504 politione
930 4383 981 4470 ad
1017 4413 1042 4468 o
1074 4389 1113 4468 u
1152 4411 1174 4470 u
1209 4389 1399 4470 contraria
1438 4389 1491 4472 est
1527 4389 1611 4486 Vi,
1660 4388 1737 4501 qud
1779 4395 1941 4504 Corpus
1973 4417 2001 4472 r

706 4499 824 4586 trahit
850 4525 896 4596 t,
937 4497 1117 4612 adeoque
1147 4497 1252 4584 illam
1286 4501 1465 4585 minuit:
1506 4503 1637 4586 Minus
1666 4531 1761 4614 ergo
1792 4529 1997 4616 urgeturr.

705 4609 834 4700 tersus
867 4639 895 4696 'r
928 4607 979 4698 ad
1012 4637 1038 4696 (t
1074 4615 1167 4698 &u
1207 4641 1325 4726 quam
1358 4613 1408 4698 ad
1440 4641 1462 4698 c
1493 4617 1533 4696 δι
1565 4639 1593 4696 u
1620 4645 1633 4707 3
1660 4613 1858 4730 minusque
1885 4643 2002 4727 prop·

1896 4755 2002 4812 terea
