4322 5686
201 553 1338 652 dGEOMETNJAEELEMENTA.1.12.VJ.
1362 575 1435 652 725

159 689 233 774 Per
261 689 419 776 alteram
444 687 550 772 Anni
577 691 728 776 Saturni
757 686 969 789 semilsem,
1009 689 1095 776 citm
1123 719 1261 804 nempe
1283 689 1353 775 Sol
1380 689 1434 918 pp

105 801 318 912 AEquatore
365 793 491 882 versus
531 801 669 883 Polum
706 797 991 911 inconspicuum
1025 798 1223 897 declinat,
1259 801 1432 899 hote,
1608 861 1611 866 .
1776 889 1782 904 ι

105 929 283 1016 tempore
309 903 335 988 h
362 907 485 1004 emis,
526 909 669 993 Oculus
697 908 891 1008 Annulum
920 909 1076 996 minime
1103 907 1285 1008 videbit,
1322 901 1388 1020 hui

191 1040 273 1098 non
318 1015 536 1100 'ustratum
575 1015 626 1102 ei
660 1015 765 1102 -facie
801 1045 887 1132 quat
912 1019 1041 1104 Oculo
1069 1019 1324 1109 obvertiturr
1382 1015 1433 1100 ed

101 1041 164 1206 iiic
192 1143 338 1232 partem
368 1126 512 1222 Coeli,
557 1121 766 1238 syderaque
794 1125 866 1236 haic
894 1153 1114 1238 contenta,
1153 1128 1203 1210 ab
1212 1128 1348 1210 ,ocum
1376 1151 1458 1209 te··

129 1233 193 1330 it,
226 1255 272 1316 ut
301 1229 464 1343 superius
490 1229 670 1336 diuum,
714 1234 827 1350 seque
856 1238 931 1321 boc
960 1235 1082 1322 modo
1110 1233 1318 1321 senfibilem
1345 1235 1432 1318 red·

100 1261 193 1424 det.¹
255 1339 402 1426 Annuli
441 1369 568 1428 autem
605 1348 740 1430 umbra
768 1349 886 1458 magis
914 1345 1107 1460 magisque
1135 1342 1263 1432 versus
1291 1344 1431 1427 Polum

98 1449 320 1561 proximum
361 1453 640 1563 protenditur,
687 1454 786 1540 adeo
822 1481 864 1538 ut
906 1445 1032 1540 Oculo
1069 1455 1196 1539 ubivis
1224 1457 1323 1536 intra
1350 1450 1432 1563 spa-

95 1561 199 1642 tium
227 1559 445 1670 pracdidhun
473 1560 598 1670 posito
626 1565 734 1660 Sol,
772 1563 857 1646 ciam
887 1589 1028 1648 certam
1057 1563 1354 1648 declinationem
1375 1583 1431 1642 at-

95 1667 254 1780 tingit,
300 1669 378 1780 tegi
420 1669 597 1755 videatur
632 1677 672 1755 &
716 1669 874 1784 Ecliplht
903 1676 981 1783 pati
1007 1669 1088 1782 ipso
1116 1669 1273 1755 meridie
1299 1697 1335 1769 ,·
1359 1669 1433 1752 ite·
1507 1769 1513 1782 ι

92 1777 629 1996 ἓὲἶὲἶῖῑρῗέᾞῗθὲἓω
652 1776 1196 1974 iiiiiiaffliaidssiaiuiiu?
1224 1779 1430 1972 ‘allii’

95 1995 179 2124 brae
209 1995 267 2077 hae
295 1913 510 2122 meridiana
540 1999 715 2112 quotidie
732 1919 993 2130 Idiuturniores
1020 1998 1145 2098 fiunt,
1181 1998 1271 2100 (vel
1303 1991 1430 2079 forsan

92 2101 1158 2330 lisslssrllll‘llnll“illailldilll
1168 2105 1429 2336 aldeli

93 2320 169 2405 Sol
207 2319 370 2404 eandem
408 2322 528 2410 rursus
563 2325 859 2416 declinationem
890 2325 1112 2440 &tropico
1139 2325 1295 2410 rediens.
1315 2325 1429 2408 attin·

92 2431 198 2623 git,
241 2445 392 2542 quam,
433 2436 505 2518 illis
523 2481 529 2496 ·
547 2438 672 2547 primo
720 2438 1012 2550 ingruentibus,
1061 2435 1205 2520 habuit.
1290 2433 1428 2544 Atque

125 2567 178 2624 oc
208 2537 403 2632 obtinebit
431 2542 458 2628 fi
485 2548 629 2630 Oculus
657 2544 700 2630 lit
718 2549 769 2630 -in
797 2547 995 2630 latitudine
1023 2549 1168 2651 majore
1197 2569 1314 2657 quam
1339 2551 1428 2646 95⁸¹

89 2649 161 2734 vel
193 2659 314 2739 26⁸¹:
365 2655 407 2738 si
442 2653 540 2739 verb
577 2655 616 2738 in
651 2658 800 2742 minore
838 2653 1039 2740 latitudine
1075 2654 1286 2738 collocatus
1313 2648 1428 2735 fuerit

90 2759 245 2842 oculus
271 2755 490 2876 spectator,
532 2761 619 2847 ciun
656 2766 851 2851 Tenebrae
884 2763 1099 2848 meridianae
1142 2759 1225 2847 sunt
1262 2756 1428 2844 maxime

90 2867 325 2972 diuturnae,
370 2866 496 2956 subito
533 2870 600 2957 sub
638 2869 755 2986 ipstun
790 2871 986 2968 meridiem
1014 2873 1083 2956 Sol
1098 2895 1266 2988 ‚apparet
1293 2861 1427 2953 rursus-

121 3005 174 3062 ue
219 2977 341 3062 statim
384 2975 664 3080 absconditur,
706 2987 748 3067 δι
788 2980 967 3097 postridie
1009 2979 1133 3063 hmilis
1177 2973 1298 3062 rursus
1326 2981 1425 3074 Lux,

88 3005 160 3172 ded
189 3086 305 3196 paulo
326 3087 575 3190 diuturnior,
615 3090 720 3183 fieta
767 3118 885 3206 atque
921 3089 970 3173 stc
999 3117 1117 3200 porro
1144 3089 1264 3198 magis
1290 3081 1426 3196 magis»
1520 3179 1524 3191 ,

90 3223 178 3308 que
220 3195 397 3281 diuturna
441 3201 513 3283 erit
553 3201 637 3284 Lux
677 3202 884 3285 meridiana
918 3197 1112 3310 usquead
1141 3195 1305 3278 mediam
1332 3195 1426 3302 hye-

90 3331 240 3389 mem:
285 3308 334 3388 Et
370 3306 457 3390 hinc
495 3305 614 3392 rursus
643 3309 828 3422 perpetuo
855 3309 1013 3394 brevior
1037 3304 1179 3390 evadet
1201 3283 1333 3384 donec
1361 3327 1425 3410 pe-

91 3415 200 3498 nitus
229 3411 468 3515 evanescat,
512 3419 603 3502 Sole
631 3415 656 3502 ὲ
681 3419 851 3528 Tropico
879 3415 1048 3525 hyemali
1076 3412 1215 3498 reduce
1243 3415 1283 3493 δι
1309 3408 1426 3494 decli·
1593 3455 1612 3486 .

92 3524 297 3607 nationem
341 3525 554 3636 attingente
592 3525 777 3634 aequalem
814 3527 907 3626 illi,
947 3551 1073 3716 param
1115 3519 1300 3626 habuerat
1336 3514 1424 3622 cium

92 3633 264 3742 primum
301 3635 385 3716 Lux
421 3631 597 3734 affulfit,
636 3663 719 3748 quo
747 3659 921 3746 tempore
962 3634 1074 3716 ubito
1101 3630 1286 3730 Tenebrae
1314 3627 1425 3712 meri-

92 3741 225 3830 dianae
248 3739 466 3854 longilltmae
489 3737 609 3827 rursus
637 3745 819 3855 incipient
854 3803 869 3844 ,
912 3765 956 3828 ut
982 3743 1161 3826 haetenus
1189 3738 1330 3820 dicium
1356 3735 1425 3818 mi-

92 3846 297 3949 nuendae,
323 3850 428 3935 ¹Sole
454 3849 505 3934 ad
533 3857 782 3964 AEquatorem
810 3865 1050 3982 properante.
1126 3847 1261 3976 Atque
1289 3843 1424 3942 exhinc

92 3979 212 4069 patet
252 3959 374 4044 multo
413 3960 620 4060 martimum
661 3957 748 4055 else·
767 3963 915 4046 AEstatrs
942 3951 1178 4070 Hyemisque
1207 3983 1246 4040 rn
1275 3945 1425 4038 Saturni

93 4061 230 4178 globo
272 4065 516 4168 discrimen,
560 4071 643 4152 truh
668 4092 846 4198 propter
889 4061 1080 4180 utriusque
1122 4064 1424 4177 diuturnitatem,

95 4199 361 4286 magnamque
397 4178 503 4269 solit
531 4177 826 4262 declinationem
867 4175 917 4260 ab
950 4181 1193 4284 AEquatort,
1232 4199 1314 4257 rum
1337 4197 1428 4282 pro·

93 4307 188 4392 pter
237 4283 430 4368 Tenebras
464 4285 688 4388 nteridianas
726 4285 919 4395 hyemales
947 4283 998 4372 ab
1025 4283 1183 4370 Armulo
1212 4279 1343 4373 Solen
1371 4305 1427 4364 te-

93 4411 220 4503 gente
245 4389 447 4505 profectas.

783 4507 857 4616 Pp
885 4525 908 4609 3
1293 4497 1428 4584 PRO·
