4322 5686
671 567 809 688 ‘72'6
929 583 1868 665 As-T·noNOM.1AEPHr51cAE

699 813 705 826 ,
736 719 929 831 Jupitcr3)
960 715 1048 830 edm
1083 715 1137 802 ob
1172 708 1321 800 easdem
1360 715 1569 813 rationes,
1612 737 1694 797 tum
1722 713 1777 818 ob
1805 713 1904 796 hanc
1931 708 2050 796 etiami

685 857 687 862 ·
737 830 845 944 quod
879 831 1047 940 quinque
1076 828 1240 937 proximi
1269 849 1499 910 moveantur
1527 828 1566 908 in
1595 823 1733 907 eodem
1757 824 1878 934 plano
1908 821 1956 906 ad
1982 825 2051 934 pla·

737 971 830 1026 num
858 941 1000 1023 itineris
1029 937 1128 1021 Solis
1156 939 1255 1020 circa
1282 939 1486 1020 Saturnum
1516 946 1598 1040 31⁸¹
1625 935 1807 1024 inclinato
1840 967 1851 1022 ς
1897 932 1992 1016 adeo
2016 951 2053 1016 ut

737 1049 926 1134 Zodiacus
953 1052 1117 1132 Saturno
1147 1046 1190 1131 fit
1218 1043 1418 1158 plusquam
1447 1045 1558 1132 tertii
1587 1069 1693 1157 parte
1720 1044 1827 1128 Coeli
1855 1045 1953 1128 latus
1981 1101 1994 1141 ‚
2029 1041 2052 1126 sa

737 1161 840 1242 hunc
876 1158 1063 1241 'omnium
1110 1157 1352 1239 Planetarum
1390 1160 1640 1270 evagationes
1680 1154 1704 1240 d
1741 1155 1840 1238 Solis
1870 1155 1934 1236 via
1960 1181 2054 1236 com·

695 1327 697 1332 .
740 1268 855 1380 pleuti
893 1266 1003 1350 velit.
1092 1262 1225 1350 Phases
1240 1265 1387 1350 ‹suniles
1417 1268 1551 1349 harum
1579 1270 1769 1350 Lunamm
1798 1289 1914 1377 atque
1940 1266 2054 1346 Luna·

605 1439 608 1444 -
732 1407 817 1464 rum
858 1375 1065 1484 jovialium
1094 1435 1107 1474 ,
1137 1374 1224 1478 ¹nist
1264 1375 1371 1488 quod
1420 1379 1543 1460 astate
1581 1377 1812 1486 hyemem,
1872 1369 1957 1456 ciun
1994 1375 2056 1457 Sol

733 1487 895 1570 multum
935 1486 984 1568 ab
1022 1491 1231 1598 AEquatore
1277 1484 1484 1583 declinat,
1524 1489 1630 1570 Luna
1658 1487 1803 1598 quaevis
1833 1483 1912 1568 Soli
1940 1509 2057 1593 oppo-

733 1594 802 1679 sita
862 1597 952 1678 leno
980 1595 1077 1678 orbe
1118 1625 1197 1678 non
1236 1593 1419 1707 fulgeat,
1464 1623 1535 1678 nec
1574 1595 1698 1678 eidem
1735 1595 1929 1697 conjmua
1955 1595 2059 1702 peni-

734 1731 795 1789 tus
832 1625 948 1788 dieat.
1033 1709 1140 1788 Nam
1176 1703 1302 1789 medii
1339 1707 1462 1788 aestate
1503 1706 1695 1815 hyemeve
1730 1707 1836 1787 Luna
1862 1702 1943 1786 Soli
1967 1730 2061 1786 con·

732 1818 859 1921 juncta
893 1813 916 1898 i
951 1815 1043 1897 Sole
1080 1813 1190 1897 distat
1231 1842 1419 1926 quantum
1461 1818 1567 1898 Luna
1596 1817 1723 1899 nostra
1749 1813 1866 1896 biduo
1895 1816 1938 1893 δι
1966 1811 2060 1896 uitta

633 2004 641 2026 ,
733 1949 822 2008 ante
856 1924 921 2008 vel
955 1924 1039 2034 post
1082 1923 1385 2022 Novilunium,
1429 1929 1469 2006 &
1506 1926 1588 2010 Soli
1629 1921 1804 2034 oppofita
1832 1943 1984 2004 tarnum
2010 1923 2055 2004 ab

732 2030 975 2144 oppositione
1003 2033 1067 2136 iila
1097 2033 1267 2132 directa,
1308 2061 1394 2144 quae
1423 2033 1579 2144 plenum
1607 2033 1755 2116 Orbem
1783 2031 1906 2130 facit,
1948 2057 2059 2143 quan·

732 2165 814 2226 tum
855 2143 982 2224 nostra
1024 2144 1132 2224 Luna
1168 2141 1289 2225 biduo
1324 2149 1366 2226 dc
1394 2144 1554 2254 amplius
1582 2169 1672 2227 ante
1700 2143 1765 2224 vel
1793 2142 1877 2250 post
1902 2140 2059 2225 Plenilu·

733 2254 839 2335 nium
870 2267 905 2332 :'
936 2251 1105 2362 ideoque
1145 2250 1281 2335 similes
1324 2275 1405 2334 tum
1450 2277 1561 2336 erunt
1601 2281 1731 2336 earum
1769 2245 1906 2334 Phases
1948 2275 2058 2362 atque

732 2361 848 2446 Lunae
887 2361 1020 2443 nostrae
1048 2359 1200 2443 duobus
1229 2361 1364 2444 diebus
1396 2365 1442 2443 ὃς
1463 2357 1605 2446 semiffe
1633 2385 1722 2444 ante
1751 2361 1817 2444 vel
1845 2359 1933 2470 post
1959 2357 2061 2469 syzy-

729 2473 846 2584 giam.
932 2467 1052 2552 Unde
1081 2470 1158 2582 istip
1188 2468 1295 2554 Anni
1324 2472 1489 2554 Saturnii
1518 2470 1803 2581 tempestatibus
1830 2469 1944 2552 nuuae
1972 2479 2062 2552 con}-

732 2583 883 2692 tingent
919 2581 1180 2662 aninarium
1221 2574 1420 2690 Eclipses„
1475 2586 1547 2664 Hae
1575 2605 1705 2662 autem
1733 2603 1909 2689 tempore
1937 2579 2060 2692 AEqui·

732 2691 853 2772 notui
878 2715 1076 2800 nunquam
1105 2687 1295 2786 deerunt,
1334 2691 1584 2800 omniumque
1611 2689 1725 2772 etiam
1754 2715 1942 2800 generum
1968 2714 2062 2800 quo·

731 2818 815 2883 tum
845 2799 885 2882 in
913 2795 1151 2908 procedente
1180 2799 1326 2886 mentio
1355 2795 1451 2881 facia
1478 2799 1544 2900 est,
1607 2825 1610 2859 ³

787 2945 893 3042 Ciam
921 2948 1056 3032 Annus
1084 2953 1277 3038 Saturnius
1307 2955 1520 3042 diuturnior
1548 2953 1591 3042 stt
1619 2956 1787 3064 Joviali,
1817 2958 1929 3067 plura
1950 2959 2060 3044 etiam

728 3054 813 3142 sumt
857 3055 1044 3142 Mensrum
1083 3087 1224 3176 genera
1265 3063 1314 3146 ad
1353 3066 1459 3148 illum
1506 3069 1546 3148 in
1586 3091 1711 3179 partes
1741 3067 2057 3180 distinguendum.

727 3171 772 3252 In
805 3164 935 3251 ·Anno
974 3161 1057 3250 sunt
1102 3171 1201 3253 ultra
1246 3195 1355 3277 57c0
1394 3171 1543 3258 Menses
1582 3175 1728 3258 minimi
1772 3235 1786 3276 ,
1833 3182 1875 3258 dc
1917 3180 2062 3260 circiter

710 3295 835 3381 ‘3932
882 3277 1144 3389 magnitudine
1198 3284 1463 3392 proximorum
1503 3345 1516 3384 ,
1579 3285 1676 3368 ultra
1723 3302 1832 3390 2352
1875 3285 2065 3370 Menfium

728 3388 969 3483 tertiorum,
1018 3385 1194 3500 ultraque
1231 3401 1313 3496 674
1341 3417 1603 3506 quartorum,
1651 3399 1693 3476 δι
1719 3391 1908 3480 Mensrum
1935 3395 2065 3478 maxi-

728 3522 881 3579 morum
916 3516 988 3600 135

788 3634 1028 3722 Saturnicola
1055 3637 1247 3721 Lunnrum
1276 3633 1424 3726 suarum
1451 3641 1641 3729 distantias
1670 3643 1971 3732 cum-mensuris
2001 3641 2067 3729 suis

726 3743 967 3853 comparabit
1006 3740 1157 3834 facilet
1213 3751 1352 3861 quippe
1396 3754 1536 3864 quinta
1584 3759 1624 3837 δι
1660 3759 1807 3840 extima
1849 3745 2065 3840 Paraliarris

633 3877 634 3881 ‘
718 3855 847 3958 major
885 3853 938 3936 est
978 3855 1161 3938 Parallaxi
1190 3858 1306 3942 Lunte
1334 3862 1478 3944 nostrae.
1564 3863 1622 3950 At
1650 3865 1749 3949 Solis
1770 3865 1993 3950 Parailaxis
2020 3861 2061 3964 9²

723 3989 805 4044 non
842 3961 992 4046 excedit
1025 3995 1036 4052 ς
1095 3963 1263 4079 ideoque
1300 3967 1515 4054 insensibilis
1555 3973 1653 4074 est,
1707 3973 1816 4058 instar
1853 3973 2065 4060 Paralum

724 4069 824 4154 Solis
853 4070 875 4155 ὲ
904 4076 1024 4154 Terra
1053 4069 1134 4155 vifi.
2149 4079 2151 4133 ἰ

778 4203 906 4286 Oculo
943 4209 984 4289 in
1020 4210 1188 4294 Saturno
1227 4212 1354 4325 pofito
1390 4221 1554 4304 maxime
1581 4221 1774 4309 mirandus
1802 4226 1857 4309 est
1883 4225 2066 4311 Annulus
2150 4274 2152 4311 r

723 4307 791 4439 iste
833 4313 1039 4443 Saturnum
1083 4320 1278 4448 cingens,
1318 4325 1368 4411 de
1406 4355 1485 4440 quo
1527 4327 1612 4415 Lib.
1660 4359 1722 4418 1v.
1763 4335 1947 4420 diuum:
2010 4333 2067 4416 est
2148 4310 2161 4447 i

716 4443 866 4532 quippe
894 4447 1040 4510 emmut
1068 4422 1167 4516 vasus
1196 4429 1444 4545 spectaculum
1470 4435 1537 4550 'sui
1551 4443 1700 4554 generis
1719 4446 1873 4531 turicum
1884 4504 1899 4548 ‚
1925 4441 2071 4556 quod·
2149 4434 2154 4489 ²

1591 4601 1596 4610 ·
1975 4573 2070 4660 que
2151 4590 2156 4667 ¹1
