4336 5692
282 549 328 626 o·
365 541 756 624 caonarnrea
790 537 1128 618 tranantur.
1163 539 1248 618 an.
1273 537 1326 620 u·
1414 551 1484 640 663

170 698 195 763 u
229 681 322 770 inde
345 683 510 769 dedum
533 707 614 769 non
638 680 724 769 sunt
748 707 928 768 accurate
960 677 1048 766 satis
1067 681 1227 768 definita
1257 715 1269 774 a
1303 679 1401 766 libet
1426 705 1672 770 exnxrrmn

168 792 272 882 hisce
298 822 594 912 praeterpropter
627 796 891 886 determinatis
922 797 1054 880 omnia
1084 796 1240 881 demum
1268 799 1475 910 corrigere.
1521 787 1573 861 ΗΚ·
1605 801 1633 844 ²·

169 909 216 995 ln
240 908 357 1026 quem
388 911 506 994 finem
530 913 567 996 in
591 911 783 1024 schemate
815 908 991 1024 sequenti
1014 910 1115 1016 (ubi
1144 911 1282 996 eadem
1305 915 1476 997 consttu-
1640 917 1655 933 ”

169 1029 249 1124 elio
275 1051 430 1110 manere
445 1027 696 1140 intelligitur,
723 1025 865 1112 omissas
884 1048 1035 1108 tantum
1052 1027 1097 1109 iis
1123 1053 1207 1138 quae
1234 1026 1284 1112 ad
1310 1025 1473 1110 demon·

173 1135 328 1227 stranda
355 1136 521 1252 superius
542 1140 665 1252 posita
693 1139 799 1226 suere
827 1135 1061 1238 necessaria,
1087 1140 1126 1224 in
1157 1141 1348 1252 posterum
1374 1171 1472 1226 vero

174 1253 446 1340 confusionem
470 1278 650 1364 parerent
671 1254 689 1367 )
709 1269 711 1274 '
728 1255 778 1338 ad
801 1281 831 1337 Μ
856 1251 1028 1338 medium
1056 1259 1238 1366 pumilum
1266 1258 1375 1338 reeae
1406 1283 1473 1338 nu

171 1367 241 1478 ipfi
269 1393 334 1450 nn
361 1370 527 1478 erigatur
555 1369 739 1455 normalis
768 1397 799 1452 Μ
817 1393 861 1467 1,
891 1369 953 1452 cui
977 1371 1209 1454 occurratin
1235 1375 1366 1450 arcela
1389 1396 1470 1474 cr,

158 1485 253 1568 asia
278 1510 347 1594 pet
381 1507 406 1566 c
429 1480 496 1594 ipsi
523 1509 592 1564 aa
617 1483 827 1596 parallelae
855 1482 1069 1593 jungaturs
1089 1509 1102 1563 r
1121 1477 1251 1566 secans
1274 1510 1299 1562 A
1320 1483 1395 1568 nin
1416 1509 1468 1581 K,

171 1599 212 1680 &
245 1598 487 1710 compleatur
526 1599 932 1712 parallelogrammum
978 1621 1008 1677 Μ
1031 1621 1177 1694 rex,
1219 1601 1260 1682 δε
1303 1593 1470 1682 firmatur
1599 1607 1601 1612 '

170 1734 203 1794 Μ
228 1737 276 1812 Q
300 1713 414 1823 tripla
440 1705 554 1821 ipsius
592 1737 622 1794 Μ
645 1739 673 1794 re
699 1743 709 1794 ε
751 1713 941 1822 Jungarut
975 1737 1051 1811 os
1086 1709 1388 1824 &producatur
1419 1710 1470 1797 ad

160 1825 348 1914 adunet
375 1849 454 1924 oe
481 1823 525 1906 fit
553 1824 706 1935 aeqatalis
739 1836 1061 1928 3Qs÷311n
1121 1829 1267 1910 Peneo
1297 1825 1471 1910 aderet·

158 1939 348 2036 ¹minato,
384 1939 516 2024 deleta
539 1938 804 2052 intelligantur
825 1936 928 2134 figna
947 1937 1056 2046 (five
1075 1937 1221 2048 litetae)
1244 1963 1293 2033 Δ,
1314 1969 1363 2037 Μ,
1383 1965 1411 2022 u
1427 1946 1469 2026 &

168 2059 228 2142 u't
260 2055 440 2164 jungatur
465 2077 560 2150 cn,
599 2053 740 2165 inqua
774 2077 901 2136 vertu
928 2073 949 2134 a
978 2045 1144 2134 sumatur
1169 2079 1283 2158 nova
1310 2078 1384 2136 cu
1425 2053 1468 2138 in

159 2163 365 2278 ¹duplicata
391 2166 541 2250 rarione
566 2171 673 2250 restat
696 2196 713 2250 s
733 2191 758 2248 c
778 2163 829 2250 ad
850 2166 993 2248 restam
1011 2166 1198 2278 aequalem
1225 2161 1292 2280 ipsa
1315 2194 1383 2252 εν
1398 2177 1468 2277 -Η

159 2303 264 2377 aar,
291 2283 332 2361 &
363 2307 431 2392 per
455 2283 636 2390 punslum
668 2305 694 2362 u
733 2279 889 2364 noviter
919 2279 1124 2366 inventum
1177 2285 1194 2382 (
1227 2305 1306 2392 ope
1347 2281 1466 2394 Prop.

2 2352 8 2530 l
157 2393 340 2502 narr.)
382 2392 545 2476 ducatur
576 2422 684 2478 nova
713 2419 782 2476 nn
809 2392 860 2478 ad
886 2417 957 2476 ra
984 2397 1113 2476 &ra
1145 2395 1385 2492 terminata,
1414 2421 1468 2482 ta·

167 2506 215 2592 lis
245 2533 288 2592 ut
317 2535 390 2590 nn
418 2504 462 2590 srt
477 2506 527 2591 ad
555 2533 583 2591 u
606 2534 625 2594 u
655 2534 698 2592 ur
718 2532 870 2618 tempus
895 2503 997 2590 inter
1021 2501 1349 2594 Observationem
1391 2509 1466 2620 pti·

163 2647 271 2704 mam
297 2615 567 2706 &secundam
599 2621 650 2706 ad
681 2646 832 2735 tempus
859 2619 961 2705 inter
984 2615 1310 2707 observationem
1337 2617 1467 2707 secun·
1503 2685 1507 2694 .

158 2734 260 2819 dam
294 2735 520 2820 &tertiam
557 2766 566 2813 ε
630 2737 752 2820 Erunt
786 2738 927 2847 punsla
957 2735 1085 2816 a&a
1128 2733 1250 2844 magis
1283 2760 1463 2822 accurate

155 2931 159 2938 ,
199 2876 285 2932 uam
324 2847 427 2962 prius
457 2845 616 2960 vestigia
642 2851 822 2934 Cometa
853 2847 892 2929 in
920 2845 1041 2959 plano
1081 2847 1276 2959 Eclipticae
1304 2848 1345 2930 in
1381 2849 1467 2934 Ob-

160 2877 449 3048 servationibus
497 2963 619 3074 prima
663 2965 704 3046 &
746 2960 857 3045 tertia
885 3017 911 3058 ,¹
958 2957 984 3044 st
1021 2962 1204 3071 punoium
1232 2985 1258 3043 c
1286 2965 1389 3048 resle
1412 2956 1467 3048 as·

166 3073 360 3187 sumptum
384 3073 429 3162 srt
458 3079 538 3180 ejus
560 3076 762 3188 vestigium
786 3074 826 3158 in
843 3070 1128 3160 Observatione
1152 3067 1327 3158 secunda.
1356 3077 1469 3164 Con·

169 3193 360 3306 cipiantur
392 3185 548 3276 dearilla
578 3187 601 3272 a
626 3188 776 3300 singulis
799 3186 1041 3292 Trajeeioriae
1065 3185 1282 3274 Cometicae
1320 3187 1469 3300 punffls

164 3305 442 3425 perpendicula
465 3303 515 3386 ad
539 3307 695 3418 planum
720 3303 942 3412 Etlipticae,
970 3300 1047 3384 srve
1075 3299 1092 3394 s
1112 3299 1224 3410 quod
1248 3301 1389 3385 eodem
1411 3328 1469 3386 rt.

161 3423 262 3530 dit)
296 3419 534 3529 intelligatur
552 3412 663 3529 super
689 3417 847 3530 planum
868 3413 1063 3525 Eclipticae
1090 3411 1315 3498 normaliter
1342 3413 1469 3499 erem

165 3533 383 3651 superficies
406 3529 619 3644 cylindrica
639 3535 709 3642 per
740 3533 918 3616 Comerae
957 3527 1232 3630 Trajesloriam
1257 3525 1467 3618 transrensa

167 3650 320 3766 punsiis
360 3645 519 3732 adaeus
554 3643 835 3758 perpendiculis
860 3641 1012 3754 fignatis
1039 3639 1079 3722 in
1122 3639 1316 3752 Ecliprieae
1347 3641 1467 3754 plano

167 3759 395 3850 conficietur
435 3754 557 3862 (save
589 3757 806 3843 communit
846 3752 963 3840 seilio
1010 3752 1118 3836 diae
1157 3749 1366 3864 superficiei
1402 3783 1468 3867 cy.

166 3877 337 3966 lindticae
375 3901 465 3960 cum
502 3873 620 3986 plano
659 3869 856 3983 Eclipticae
883 3867 1008 3977 etit)
1071 3867 1208 3952 Curva
1242 3867 1468 3954 parabolica
1601 3917 1604 3930 ·

170 3989 428 4094 acucujus
464 3985 576 4074 focus
605 4011 622 4070 s
648 3984 772 4086 ,fuel
803 3982 853 4068 ab
885 3982 958 4066 hac
982 4006 1118 4095 parum
1153 3979 1370 4070 abludens:
1397 3981 1468 4066 hu·

163 4108 230 4214 ,jus
261 4101 369 4188 arcels
399 4128 510 4186 acu
530 4095 648 4186 'inter
685 4091 803 4186 restas
834 4123 863 4182 τ
888 4125 946 4193 n,
968 4121 1031 4178 vu
1060 4091 1325 4206 comprehensa
1355 4093 1468 4180 chor.

169 4219 223 4306 du
260 4218 344 4328 (ex
373 4209 484 4329 supra
518 4211 714 4324 ostensis)
746 4211 801 4299 est
824 4209 1120 4322 quamproxime
1148 4211 1250 4292 reela
1282 4233 1352 4292 au
1392 4210 1468 4318 pri·

167 4359 216 4422 us
232 4331 379 4430 dulia,
407 4333 513 4437 cujus
545 4328 928 4439 mediunpunerum
950 4349 1017 4428 ·Μ.ι
1073 4323 1260 4433 Cumque
1291 4322 1331 4408 in
1361 4321 1467 4410 dieto

167 4474 261 4534 arcu
291 4439 481 4557 sumptum
507 4444 552 4529 fit
576 4445 759 4557 pandum
780 4465 810 4524 c
837 4465 918 4523 non
938 4434 1075 4550 procul
1099 4432 1123 4520 ὲ
1155 4428 1340 4550 segmenti
1358 4461 1466 4520 acu

162 4562 359 4666 struae,
385 4557 405 4670 (
428 4560 575 4646 namin
600 4557 704 4646 hunc
720 4555 840 4646 finem
865 4573 979 4754 eatha
1003 4547 1090 4638 sunt
1113 4550 1186 4638 tria
1217 4543 1468 4638 Observatio-

977 4681 1053 4779 gz
1374 4687 1468 4750 num
