4376 5694
684 637 779 729 „r
919 605 1827 700 Atrnouourmrrrsrcn

503 771 722 861 return&
745 792 774 850 v
811 789 946 876 parum
965 747 1137 861 distant,
1165 757 1257 845 ideo
1282 763 1455 867 Tempus
1481 747 1780 854 eonjunoionis
1806 740 1892 836 visae
1910 743 1994 832 vui

538 876 588 957 ἃ·
602 897 627 951 5·
686 909 741 994 go
771 881 937 966 habetur
961 908 1034 994 pro
1067 898 1272 961 momento
1293 875 1469 956 maximae
1495 862 1805 952 Obscurationis.

914 1063 1451 1156 PROPOSITIO
1536 1057 1748 1146 XLIX.

622 1324 624 1328 -
695 1261 849 1374 Tempus
882 1258 1070 1359 Initii&
1093 1256 1196 1341 sinti
1227 1251 1380 1365 Eclipfis
1405 1247 1548 1333 Soletis
1571 1254 1658 1331 dato
1689 1243 1828 1351 Menfi
1861 1253 1998 1328 contio

746 1383 870 1488 gemis'
897 1372 942 1468 ά
974 1382 1020 1456 in·
1044 1373 1131 1456 dato
1162 1369 1262 1455 Loco
1287 1367 1401 1481 visa,
1448 1364 1607 1478 adeoque
1637 1357 1884 1450 Dentonem
1909 1365 2001 1464 integ

745 1520 857 1600 gram
885 1491 1140 1573 determinare.

569 1692 621 1769 fu·
636 1705 663 1754 ⁷·
695 1679 945 1876 CAEteris
975 1679 1219 1766 manentibus
1243 1702 1415 1796 ponatur
1450 1675 1600 1762 Lunam
1632 1697 1661 1756 x
1679 1697 1729 1762 tt,
1771 1671 1811 1756 in
1831 1674 1908 1760 Via
1936 1669 2010 1757 sna·

820 1794 898 1881 visa
926 1818 999 1878 nrt
1036 1798 1339 1907 procedentem,
1364 1791 1498 1877 Solem
1530 1813 1605 1872 tttt
1633 1788 1859 1900 contingere
1881 1790 1932 1872 ad
1947 1815 1999 1872 n:

702 1912 881 2027 queritur
914 1917 1084 2022 Tempus
1119 1909 1281 2026 quando
1314 1910 1392 1992 hoc
1432 1903 1587 1991 accicstt.
1646 1904 1796 1989 Centra
1826 1903 2004 2002 Lumine·

698 2032 798 2130 ,rium
825 2053 842 2108 s
875 2027 960 2107 &t
985 2051 1075 2108 arcu
1097 2023 1418 2127 circulimaximi
1449 2045 1511 2103 st
1550 2023 1769 2132 jungantur.
1814 2019 1862 2103 itt
1894 2019 2002 2102 trien·-

702 2141 798 2253 gulo
826 2164 930 2220 sut
955 2145 1253 2251 praetcttectum
1274 2137 1324 2222 ad
1348 2163 1380 2221 u
1415 2134 1698 2221 dantutiatcra
1723 2157 1816 2229 su,
1845 2157 1931 2228 su,
1958 2130 2004 2213 ri·

703 2253 836 2338 ludin
861 2256 988 2363 Prop.,
1011 2277 1121 2363 praec.
1156 2253 1485 2348 determinatum,
1524 2248 1601 2331 hoc
1625 2246 2005 2331 Semidiamettotum

674 2463 680 2472 ,
703 2366 966 2452 Luminatium
989 2389 1067 2465 stt,
1094 2391 1158 2449 tu
1181 2390 1454 2478 aggregatumr
1482 2359 1696 2448 innotescet
1718 2363 1833 2472 igitur
1853 2385 1931 2443 rur.
1955 2385 2006 2442 at»

704 2509 794 2577 cus,
823 2506 891 2592 pet
909 2485 1064 2564 Motum
1091 2482 1208 2564 Lunae
1238 2479 1261 2563 it
1288 2480 1403 2575 Sole,
1429 2476 1490 2559 ars
1506 2471 1627 2560 visum
1651 2474 1927 2590 percuttendus
1951 2475 2007 2557 itt·

705 2620 764 2679 tcr
788 2592 943 2676 Initium
976 2589 1131 2706 Eclipfis
1164 2600 1205 2676 δι’
1243 2619 1486 2678 momentum
1518 2593 1689 2676 maximae
1716 2585 2008 2676 obscurationis

704 2709 810 2820 (per
845 2707 967 2819 Prop'
986 2735 1097 2818 ptaec.
1127 2710 1369 2820 cognitum)
1410 2705 1670 2816 contingentis
1701 2731 1790 2788 cum
1834 2727 2008 2786 centrum

704 2821 822 2906 Lunae
849 2818 901 2903 ad
929 2846 960 2900 u
982 2824 1239 2933 pervenerit-z
1269 2821 1442 2932 ideoque
1469 2823 1509 2901 δι
1531 2819 1621 2904 huic
1646 2820 1686 2901 in
1718 2817 1906 2930 Ecliptica
1940 2812 2017 2903 res-

705 2933 886 3046 pondens
913 2933 963 3016 ab
992 2963 1013 3016 s
1039 2928 1242 3020 retrorsum
1272 2956 1547 3046 computatus,
1586 2961 1727 3046 nempe
1746 2959 1765 3016 s
1782 2956 1818 3014 ε.
1848 2929 1915 3016 Ad
1943 2933 2008 3046 ἀες

705 3046 992 3130 terminandum
1032 3073 1184 3160 tempus
1219 3048 1377 3131 adhoc
1409 3047 1659 3158 requisitum,
1706 3069 1925 3160 quaerantur
1959 3047 2011 3132 ad

705 3156 935 3272 assumptum
952 3184 1105 3273 temptu
1127 3167 1156 3264 ·(
1171 3166 1321 3245 Horam
1344 3156 1503 3246 binasve
1517 3166 1647 3247 Horas
1659 3218 1674 3259 ,
1699 3185 1817 3274 prout
1840 3161 2009 3246 Duratio

704 3271 862 3383 Eclipfis
882 3299 1032 3386 magne
1046 3279 1099 3360 est
1122 3276 1188 3360 vel
1217 3300 1367 3387 parve,
1412 3275 1601 3389 quodeu·
1628 3276 1827 3388 parvitate.
1843 3299 1911 3357 aut
1935 3304 2010 3360 mas

704 3387 909 3499 gnitudine
931 3385 1040 3472 arctis
1067 3415 1128 3472 su
1153 3385 1418 3502 dignoscitut;
1444 3414 1568 3500 atque
1588 3388 1651 3474 hic
1679 3385 1800 3472 tunsus
1829 3414 1880 3471 eo
1902 3415 2012 3474 accu-

707 3501 850 3598 ratioet
876 3499 971 3584 sient
996 3503 1151 3602 omnio,
1176 3529 1257 3615 quo
1281 3502 1510 3614 assumptum
1535 3527 1688 3618 tempus
1708 3501 1836 3616 magis
1859 3505 2021 3590 accedit-

707 3611 762 3697 ad
781 3613 1126 3704 Semidurttionem
1148 3614 1336 3729 Eclipsts)
1366 3641 1458 3701 ante
1484 3617 1685 3728 cognitum
1721 3613 2013 3706 obscurationis

710 3729 884 3812 maximae
914 3753 1157 3813 momentum
1195 3733 1457 3816 Luminatium
1485 3733 1592 3814 Loca
1627 3731 1854 3844 apparentia
1866 3787 1880 3828 ,
1925 3761 2013 3846 qurc

708 3841 761 3925 ad
786 3843 1011 3953 Eclipticam
1040 3846 1196 3928 tedueia
1217 3844 1353 3953 (Solis
1374 3848 1483 3928 Loco
1506 3844 1598 3929 ads
1624 3845 1847 3960 provesio)
1867 3844 2023 3931 faciant·

708 3956 926 4038 distantiam
958 3958 998 4038 in
1024 3959 1212 4069 Ecsiptica
1248 3981 1511 4069 computatam
1537 3983 1613 4044 cs„
1634 3961 1816 4072 Cognito
1835 3983 2015 4073 tempore

710 4065 889 4179 (quippe
913 4061 1141 4181 assumpto)
1167 4099 1251 4182 quo
1276 4099 1386 4154 arcus
1415 4073 1611 4186 Eclipticae
1640 4099 1757 4158 notus
1792 4099 1849 4156 cs
1894 4079 2014 4158 Motu

706 4182 825 4262 Lunae
850 4179 874 4264 i
904 4183 999 4268 Sole
1023 4185 1279 4295 percurriturc
1315 4181 1530 4272 innotescet
1555 4193 1596 4272 δι
1621 4212 1775 4299 tempus
1810 4214 1893 4297 quo
1915 4189 2014 4272 uitet

656 4367 673 4400 ,
710 4297 889 4404 cognitus
921 4322 978 4378 us
1004 4296 1147 4380 eodem
1187 4301 1303 4382 Motu
1332 4297 1492 4383 Lunaeti
1521 4302 1615 4388 Sole
1654 4298 1910 4394 describiturt
1934 4303 2016 4384 hoc

709 4406 782 4502 est,
823 4429 974 4518 tempus
1013 4407 1248 4511 interjectum
1292 4415 1394 4498 inter
1436 4439 1677 4502 momentum
1720 4407 2017 4500 obscurationis

708 4519 883 4604 maxime
908 4527 947 4603 &
989 4523 1361 4636 eclipsis-tuition:
1396 4526 1474 4609 Sed
1509 4530 1604 4612 illud
1641 4557 1712 4640 per
1745 4533 1861 4642 Prop.
1900 4557 2015 4642 prete.

709 4633 1005 4721 determinattun
1030 4639 1105 4730 este
1130 4639 1245 4753 igitur
1267 4647 1309 4725 &
1331 4644 1409 4727 hoc
1427 4665 1567 4728 uotum
1590 4646 1681 4730 erit.
