4336 5692
237 519 285 600 υ
314 463 722 607 cranemerae
755 495 1103 604 cucurum.
1126 519 1229 606 un.
1262 521 1305 604 V,
1356 533 1428 624 n,

117 657 223 750 rt,
247 645 433 768 bt'nnsque
458 685 552 760 tu,
580 690 608 748 r
623 687 652 745 o
687 662 913 772 interceptae
934 663 1008 748 stnt
1058 688 1102 748 ut
1133 689 1161 747 u
1182 664 1232 752 ad
1249 695 1294 752 s:
1345 667 1484 788 Erirm
1500 683 1602 788 W

116 763 199 850 haec
221 773 520 879 quamproxime
547 777 730 862 Cometae
760 779 1024 878 Trajeetoria,
1061 775 1326 891 praesertimin
1353 779 1421 867 ali·
1469 809 1523 892 rag.
1538 828 1567 872 c.
1597 775 1608 796 ’

118 905 197 990 qua
229 883 399 966 notabili
427 889 607 974 Comette
634 889 658 976 d
684 889 874 976 Perihelio
907 890 1097 976 distantia.
1150 893 1256 978 Nam
1281 893 1319 973 in
1343 895 1422 978 hoc

114 988 202 1078 casu
234 995 310 1078 Via
341 997 521 1085 Cometae
549 1007 602 1088 est
626 1007 801 1118 proxime
824 1009 949 1104 reda,
976 1012 1016 1089 δι
1032 1009 1204 1092 Cometa
1226 1005 1419 1118 perhanc
1503 1038 1504 1046 ¹

112 1105 354 1218 aequabiliter
378 1112 526 1199 incedit
545 1148 558 1208 ς
576 1119 750 1232 ideoque
769 1115 890 1230 spatia
905 1114 1079 1232 percursa
1104 1117 1190 1204 sunt
1215 1123 1418 1232 Tempori-

115 1221 190 1306 bus
216 1226 554 1334 proportionalia:
597 1233 677 1316 Sed
702 1261 730 1315 Δ
751 1257 773 1316 t
792 1235 915 1317 estad
941 1259 1005 1318 tc
1026 1232 1121 1317 stcut
1135 1238 1305 1344 Tempus
1333 1261 1416 1342 quo

115 1335 292 1419 Cometa
315 1333 418 1424 visus
441 1343 496 1424 est
526 1347 678 1430 moveri
699 1345 750 1428 ab
775 1374 804 1428 u
829 1343 881 1432 ad
911 1377 934 1430 a
963 1347 1065 1430 inter
1087 1347 1196 1430 rixas
1226 1345 1278 1429 ad
1302 1351 1418 1432 Tem

112 1474 187 1562 pus
206 1475 289 1558 quo
320 1451 392 1536 du
427 1453 479 1538 ad
508 1481 535 1538 u
563 1453 778 1570 progressus
803 1463 889 1548 estr
933 1465 973 1543 dt
1006 1463 1089 1544 hoc
1121 1459 1217 1541 nulli
1240 1461 1349 1540 redite
1366 1485 1415 1541 ex

110 1589 143 1646 n
175 1561 226 1644 ad
257 1557 410 1648 easdem
432 1594 561 1679 partes
593 1571 708 1684 iplius
740 1601 770 1656 r
808 1571 929 1656 duuae
957 1575 1135 1685 congruit
1161 1595 1415 1683 praeterquam

109 1673 181 1790 ipst
202 1698 228 1757 Α
246 1698 302 1758 0:
342 1683 435 1761 Haec
458 1682 647 1794 igiturest
674 1687 854 1772 Comeret
882 1687 1122 1790 Trajediotia
1154 1685 1345 1794 proxime.

171 1789 327 1874 Dantur
357 1789 462 1904 (pet
480 1801 747 1910 pratel-em.)
776 1799 866 1886 fitus
889 1805 998 1882 reerae
1020 1827 1046 1882 n
1066 1825 1094 1882 o
1119 1804 1159 1880 dc
1184 1793 1413 1908 magnitudo

112 1898 230 2015 ipsius
250 1926 320 1984 nc
347 1901 516 2015 retpeuu
543 1937 642 2003 nrt
674 1914 753 1998 hoc
774 1917 859 2012 est,
892 1912 932 1994 in
955 1913 1147 2024 triangulo
1179 1935 1289 1993 nor
1319 1910 1415 1992 dan·

110 2041 177 2100 tut
209 2041 348 2098 omnes
380 2023 511 2131 auguli
545 2030 758 2139 omniaque
799 2029 934 2113 latera.
993 2029 1050 2110 Ex
1075 2026 1158 2107 tin
1189 2021 1415 2124 Ttajedori-

107 2156 178 2216 arn
208 2131 350 2211 tesiam
379 2158 407 2212 n
423 2163 449 2217 o
490 2136 716 2224 demittatur
738 2139 924 2224 normalis
949 2167 1036 2237 rr,
1063 2167 1148 2251 quae
1176 2135 1414 2248 producatur

108 2243 247 2326 donec
276 2243 421 2328 circulo
449 2275 478 2330 n
497 2279 564 2334 nt>
590 2253 630 2338 in
664 2282 689 2338 o
728 2276 917 2338 occurrat
953 2257 1088 2337 l'atet
1118 2254 1353 2346 Cometam,
1373 2249 1413 2330 in

108 2358 352 2463 Trajedloria
380 2383 452 2444 no
487 2391 675 2468 motum,
710 2369 751 2451 in
774 2368 945 2480 Perigaeo
968 2363 1108 2454 versari
1134 2365 1185 2448 ad
1209 2391 1230 2446 r
1262 2394 1273 2452 t
1312 2365 1412 2445 reda

107 2469 221 2556 euim
242 2495 304 2552 rt
337 2472 390 2554 est
418 2475 634 2564 brevissima
668 2540 683 2581 ‚
717 2509 805 2594 qua
841 2479 916 2564 ir
951 2481 1001 2564 ad
1036 2504 1121 2562 to
1144 2477 1236 2560 duci
1259 2475 1413 2588 potest.-

105 2582 269 2694 eritquc
306 2610 330 2664 o
351 2585 480 2674 Locus
504 2592 605 2677 inter
635 2599 774 2691 Fixus,
801 2621 921 2706 quem
940 2598 1112 2678 Cometa
1137 2592 1326 2700 Petigeus
1357 2615 1414 2671 te-

106 2723 211 2784 nere
245 2693 457 2784 videbitur.
514 2703 584 2792 Ad
617 2710 724 2810 cujus
742 2704 1029 2793 'inventionem
1068 2765 1082 2802 ,
1137 2704 1179 2786 in
1218 2701 1414 2812 triangulo

106 2841 140 2897 n
166 2835 236 2894 rt
266 2815 490 2926 redargulo
517 2822 568 2905 ad
598 2846 618 2904 t
645 2821 786 2906 dantur
814 2819 919 2905 latus'
939 2849 964 2902 a
984 2847 1012 2902 r
1037 2813 1256 2926 &angulus
1288 2837 1414 2900 tart

103 2925 222 3012 uude
257 2925 500 3026 innotescent
525 2933 648 3020 latera
679 2961 775 3030 nr,
803 2961 831 3017 τ
854 2959 874 3016 r
900 2931 1131 3046 &angulus
1158 2954 1185 3010 t
1206 2951 1272 3010 rr
1298 2922 1421 3040 ipsius'

45 3085 51 3096 ·
103 3065 229 3128 Par
270 3043 603 3150 complementum
630 3049 680 3132 ad
722 3051 867 3132 redum
891 3041 1076 3159 hujusque
1105 3037 1277 3126 mensura
1304 3065 1415 3123 arcus

101 3183 135 3240 n
155 3181 221 3250 o,
245 3149 428 3264 adeoque
447 3161 573 3244 Lucus
598 3165 753 3274 Perigaei
781 3162 822 3244 in
843 3187 904 3242 ma
934 3186 987 3242 no
1010 3157 1156 3243 circulo
1189 3157 1289 3237 inter
1304 3154 1415 3234 Fiuas

102 3293 239 3381 quem
261 3267 432 3355 Cometa
459 3269 681 3374 describit,
724 3301 812 3357 cum
838 3187 1111 3357 observatione
1140 3266 1341 3380 cognitum
1372 3260 1416 3344 stt
1535 3371 1537 3376 ι

102 3384 306 3496 punctum
327 3405 366 3460 n.
419 3388 495 3472 Hic
526 3389 680 3502 l'etigrei
713 3388 824 3472 locus
848 3413 872 3469 o
896 3383 947 3472 ad
977 3385 1204 3496 Eclipticarn
1230 3401 1303 3461 uu
1322 3403 1348 3458 t.
1367 3373 1417 3457 fic

104 3496 237 3582 i'acile
270 3493 494 3582 reducitur:
531 3503 604 3584 Per
633 3529 659 3583 o
690 3498 852 3584 ducatur
889 3499 1051 3584 circulus
1084 3491 1313 3580 latitudinis
1350 3511 1417 3570 uu
1470 3598 1474 3604 ι
1590 3535 1594 3541 -

101 3603 318 3718 Eclipticae
346 3608 387 3690 in
418 3641 444 3696 n
473 3641 714 3700 occurrens:
760 3618 801 3696 dc
833 3611 872 3693 in
891 3611 1083 3722 triangulo
1117 3631 1232 3692 uuo
1276 3603 1417 3684 dantur
1453 3677 1454 3680 r

103 3745 262 3840 praeter
297 3725 441 3808 retium
463 3727 513 3812 ad
540 3755 565 3810 u
596 3727 759 3838 angulus
797 3725 957 3836 u(per
993 3730 1107 3832 Ptop.
1137 3745 1197 3801 vt
1219 3747 1246 3802 1.
1284 3719 1419 3798 inven-

104 3867 176 3924 tus
194 3846 220 3942 )
264 3837 302 3915 dt
325 3862 398 3920 uo
435 3835 578 3925 summa
611 3840 714 3950 (vel
736 3835 952 3922 differentia
986 3844 1003 3939 )
1048 3859 1234 3918 notorum
1262 3853 1420 3914 arcuum

102 3981 138 4038 rt
162 3977 192 4032 n
218 4001 237 4046 ,
262 3974 329 4030 eo
361 3982 373 4042 3
422 3957 526 4038 unde
564 3948 807 4038 innotescent
841 3973 921 4034 uu
957 3947 1185 4060 longitudo
1209 3943 1362 4051 Perigaei
1396 3937 1420 4022 i

102 4061 258 4152 Nodo
292 4067 331 4144 δι
364 4093 433 4150 on
464 4071 643 4154 Comere
676 4068 883 4177 Perigaeum
915 4063 1082 4146 tenentis
1102 4057 1300 4146 Latitudo.
1330 4059 1422 4137 Por-

101 4209 156 4268 ro
184 4235 203 4277 ,
252 4177 355 4260 notis
388 4184 600 4266 rationibus
626 4185 811 4265 testarum
829 4201 899 4260 nc
926 4181 966 4259 dt
992 4201 1017 4260 n
1040 4199 1059 4256 r
1084 4173 1135 4257 ad
1155 4170 1422 4262 condemur,

100 4317 219 4383 nota
251 4291 325 4372 erit
348 4301 446 4380 ratio
471 4299 569 4380 inter
593 4291 687 4407 ipsas
714 4314 783 4376 nc
808 4295 848 4374 dt
875 4315 976 4374 ar:
1029 4287 1107 4372 Sed
1134 4285 1225 4400 quia
1251 4285 1424 4368 Cometa
1521 4385 1524 4392 ι

101 4405 372 4522 aequabiliter
398 4435 604 4506 movetur,
631 4411 730 4492 ratio
757 4409 857 4490 inter
871 4409 1067 4517 Tempora
1096 4399 1237 4514 quibus
1257 4423 1326 4510 pet
1344 4419 1423 4490 tc,

101 4551 175 4610 nr
207 4545 401 4604 movetur
425 4523 562 4608 eadem
588 4523 642 4606 est
673 4548 763 4607 eum
790 4517 942 4608 ratione
974 4543 1048 4602 nc
1073 4517 1123 4600 ad
1154 4538 1219 4600 ne
1252 4543 1265 4604 3
1314 4513 1354 4588 dt
1379 4533 1427 4587 tx

167 4633 345 4744 ‚Gregori
378 4632 475 4748 alsit.
509 4633 608 4720 Tam.
636 4637 700 4721 ll.
986 4631 1063 4739 Cc
1291 4611 1430 4703 Obser-
