4376 5694
165 655 267 729 *o
298 653 688 731 nrotrnrrrcAE
726 643 1058 734 nLrMEMTA.
1089 659 1194 736 ιη..
1229 659 1300 736 ιν.
1362 681 1427 755 Mt

134 785 319 874 circulum
356 789 635 884 constitutum,
670 811 715 872 ut
751 787 802 872 ad
836 811 893 888 0,
936 791 1015 879 srve
1047 795 1178 906 potins
1209 794 1254 876 in·
1284 790 1501 877 Memorat.
1518 819 1614 884 >extr
1638 821 1647 830 ··
1681 789 1683 794 ’

133 899 305 1012 ph'aericte
341 897 551 1016 superficiei
581 901 802 988 illuminato
836 909 1008 1013 punito,
1043 905 1155 1020 quod
1189 909 1290 990 κᾶε
1321 936 1369 1009 ert
1396 931 1429 990 o
1477 897 1529 973 5⁵1·
1548 909 1577 963 2

134 1012 187 1099 ad
211 1017 369 1126 planum
390 1011 495 1097 Disci
527 1014 712 1097 normalis
742 1015 939 1106 ostendier
973 1019 1210 1106 invenienda
1234 1021 1288 1104 est
1310 1046 1432 1132 quan·

136 1149 176 1212 ta
205 1127 395 1226 Diametri
418 1128 562 1212 Solaris
594 1155 682 1237 pars
715 1124 739 1210 i
763 1129 873 1213 Luna
904 1155 1056 1242 tegatur
1083 1134 1264 1244 praedinto
1292 1129 1433 1218 Obser.

134 1241 275 1322 vatori.
335 1244 522 1352 Jungatur
553 1244 655 1326 reita
680 1266 708 1322 Α
734 1264 795 1339 0,
836 1247 877 1326 δι
906 1244 1143 1356 producatur
1161 1246 1290 1330 donec
1313 1246 1434 1330 circu-

134 1351 178 1434 lo
209 1379 239 1435 M
260 1369 336 1453 ox
375 1378 553 1441 occurrat
575 1355 617 1436 in
644 1379 705 1442 M·;
739 1351 832 1437 dico
867 1358 969 1442 Solis
1001 1360 1193 1444 Diametri
1227 1384 1376 1469 partem
1410 1357 1435 1442 i

136 1467 246 1552 Luna
282 1471 422 1552 teriam
454 1462 529 1551 effe
562 1466 613 1548 ad
664 1463 910 1552 Diometrum
943 1473 1132 1583 integrant
1171 1497 1217 1556 nt
1261 1497 1289 1553 o
1315 1498 1348 1553 M
1382 1469 1437 1554 ad

136 1603 164 1661 r
191 1605 236 1662 Μ.
297 1584 405 1664 Nam
432 1579 458 1663 fi
485 1577 726 1663 Observator
755 1577 847 1663 esset
876 1582 918 1664 in
943 1613 1001 1681 Μ,
1040 1589 1148 1667 Luna
1163 1585 1308 1667 nul-iam
1328 1609 1438 1696 pror·

135 1687 195 1778 sus
221 1695 414 1779 Diametri
439 1691 583 1778 Solaris
638 1716 760 1774 artem
793 1693 843 1775 ab
876 1695 947 1778 illo
983 1721 1153 1808 tegeret:
1199 1692 1438 1786 Observato·

136 1809 167 1891 ri
185 1833 284 1892 vero
315 1806 501 1916 paulatim
520 1721 649 1890 retiis
674 1807 897 1890 Penurnbrae
928 1834 1105 1894 centrum
1135 1833 1161 1892 Λ
1188 1807 1439 1924 progredien-

136 1919 192 2019 ti,
225 1920 369 2006 Solaris
398 1920 588 2004 Diametri
622 1941 708 2031 pars
741 1925 864 2024 major
898 1923 1101 2032 maiorque
1131 1945 1207 2036 per·
1238 1915 1440 2034 interposi·

137 2057 220 2120 tarn
256 2038 405 2120 Lunam
440 2031 490 2118 ab
523 2033 595 2116 illo
641 2031 805 2144 tegitur,
835 2030 966 2118 donec
1000 2031 1159 2118 tandem
1183 2033 1255 2119 illo
1273 2033 1324 2118 ad
1351 2060 1438 2118 cen-

138 2173 241 2232 trum
274 2173 297 2230 Μ
330 2173 551 2260 pervento,
589 2146 662 2231 Soi
690 2147 798 2229 totus
832 2146 953 2246 (hoc
996 2148 1075 2246 est,
1119 2150 1198 2252 ejus
1237 2141 1440 2232 Diameter

136 2261 323 2372 integra)
347 2259 397 2346 ab
426 2287 476 2345 eo
503 2283 684 2371 tegatur,
713 2254 740 2343 fi
772 2256 896 2344 modo
929 2257 1031 2346 Solis
1062 2285 1268 2374 apparens.
1284 2259 1441 2344 Diamo

137 2397 199 2459 ter
229 2376 345 2457 Lunae
371 2375 614 2458 Diamerrum
645 2397 895 2486 apparentem
928 2400 1012 2458 non
1048 2367 1240 2472 exced'at,
1280 2371 1445 2486 (quodi
1478 2435 1481 2442 ,

139 2489 204 2572 hic
231 2482 432 2600 suppono,
462 2484 654 2600 quodque
680 2489 718 2568 in
753 2488 888 2569 harum
920 2485 1248 2598 magnitudinibus
1289 2484 1440 2569 medio

141 2601 270 2686 tribus
298 2599 379 2684 fere
397 2601 584 2697 obtinet,
609 2600 634 2708 ),
651 2607 692 2684 δι
725 2601 840 2686 Lunae
874 2598 1006 2682 rotalis
1033 2597 1194 2682 Umbrae
1215 2621 1352 2683 vertex
1390 2598 1446 2682 ad*

141 2720 302 2800 Terram
327 2707 446 2824 usqne
461 2714 682 2823 pertingat,
701 2710 780 2797 five
803 2711 966 2794 circulus
986 2707 1263 2824 penumbrosus
1303 2737 1333 2793 Μ
1357 2736 1446 2812 ox»

142 2853 319 2915 centrum
332 2825 474 2910 habeat
499 2825 667 2937 perferte
707 2829 747 2906 &
779 2825 955 2907 totaliter
984 2819 1229 2906 umbrosum:
1267 2827 1317 2906 Et
1348 2823 1445 2908 ideo

143 2941 170 3026 st
203 2941 306 3026 Solis
334 2941 535 3022 Diameter
570 2961 613 3021 ut
656 2943 714 3024 As
739 2936 779 3020 in
819 2937 968 3019 Uncias
1003 2933 1218 3040 dividatur,
1269 2964 1317 3020 ex
1353 2935 1448 3020 dara

143 3055 295 3140 ratione
325 3051 426 3136 inter
466 3079 491 3133 t
520 3076 555 3132 M
597 3055 638 3132 δι
673 3077 701 3135 o
728 3076 782 3148 M,
815 3077 899 3162 quae
924 3076 973 3131 ex
1007 3049 1102 3132 Loci
1127 3049 1227 3133 intra·
1261 3051 1449 3132 circulum

142 3195 176 3254 rr
198 3192 281 3269 ox
308 3163 377 3249 srtu
408 3165 503 3247 dato
529 3161 760 3262 innotescit,
792 3163 989 3246 dabuntur
1017 3163 1209 3245 Diamerri
1236 3163 1338 3244 Solis
1361 3165 1450 3246 Un-

144 3282 211 3366 ciae
243 3278 325 3363 stre
360 3277 485 3390 Digiti
518 3269 710 3364 obscurati
751 3275 972 3387 horumque
994 3295 1133 3390 ,partes
1171 3268 1339 3388 respectu
1366 3275 1450 3357 Ob·

144 3391 363 3480 servatoris.
1082 3410 1090 3425 ·

225 3505 354 3613 Qrod
382 3501 408 3588 fi
436 3501 583 3587 circulo
630 3520 662 3586 M
692 3520 720 3585 x
749 3531 800 3606 Q
836 3497 1107 3602 eontentri'cus
1141 3491 1186 3586 iit
1213 3499 1290 3612 ‘(ut
1323 3493 1361 3584 in
1391 3491 1456 3613 fi'g.
1486 3531 1547 3616 ,ng
1563 3543 1635 3597 oz.

147 3618 320 3736 separata
357 3629 378 3724 )
433 3618 608 3700 circellus
651 3641 730 3698 nc
774 3615 839 3700 vel
886 3615 1062 3702 totaliter
1105 3613 1336 3714 umbrosus,
1384 3616 1450 3700 vel

148 3761 234 3820 non
268 3759 375 3817 mere
413 3727 644 3826 umbrosus,
696 3723 761 3815 sed
797 3729 949 3839 reliquo
984 3724 1183 3814 obscurior
1220 3721 1452 3836 &quidem

149 3849 372 3960 equaliterr
399 3845 477 3928 hoc
506 3845 589 3939 est,‹
610 3841 642 3926 sr
667 3841 829 3926 Umbrae
869 3841 1028 3926 Lunnris
1062 3865 1234 3924 centrum
1259 3841 1326 3921 vel
1353 3841 1453 3924 ultra

151 3962 416 4072 spectatorem
455 3955 739 4071 protendatur,
792 3957 858 4039 vel
903 3955 999 4037 citra
1034 3952 1144 4036 illurn
1191 3951 1368 4050 definat,
1394 3951 1454 4033 lo·

153 4101 204 4156 co
241 4077 350 4158 reerae
395 4097 421 4154 n
454 4097 485 4152 Μ
525 4067 707 4154 sumenda
754 4070 807 4152 est
850 4069 891 4150 in
925 4066 1044 4174 priori
1094 4061 1182 4148 cnsn
1226 4067 1326 4148 recia
1374 4089 1455 4146 nM

152 4187 539 4270 Semidinmetrorunr
585 4211 612 4263 r
639 4207 672 4262 M
710 4184 751 4262 &
776 4204 852 4267 nn
897 4177 1113 4264 differentia
1127 4209 1144 4268 ς·
1169 4178 1226 4290 pin·
1269 4177 1455 4288 posterio-

154 4301 185 4384 ri
250 4323 277 4382 c
318 4323 352 4380 M
414 4299 565 4380 illarum
614 4289 798 4376 summa:
847 4294 901 4377 est
958 4319 1100 4403 nempe
1143 4291 1246 4376 Solis
1304 4291 1459 4374 Diamo-

158 4435 218 4496 rer
234 4413 385 4521 integra
414 4410 464 4494 ad
490 4411 570 4512 ejus
599 4431 762 4520 pattern
787 4405 1002 4520 Spetiatori
1035 4404 1085 4487 ad
1112 4429 1141 4488 o
1166 4404 1189 4488 ἃ
1217 4405 1329 4516 Luna
1379 4427 1460 4486 tec-

159 4547 239 4608 tam
264 4526 305 4607 in
342 4515 428 4606 casu
463 4521 581 4634 priori
622 4545 665 4603 ut
702 4545 782 4603 nM
827 4519 877 4604 ad
909 4543 1024 4618 0M,
1058 4521 1098 4602 in
1134 4516 1334 4630 posteriori
1361 4541 1460 4628 vero

160 4663 203 4724 ur
241 4663 271 4720 c
301 4659 339 4720 M
372 4633 423 4722 ad
457 4659 546 4720 οΜ.
614 4635 721 4725 Non
776 4634 816 4718 in
857 4632 976 4834 ppiori
1022 4625 1115 4718 casu-
1157 4632 1360 4744 spectator.
1389 4625 1460 4824 Sani

409 4767 412 4774 ’
939 4767 969 4854 3
1333 4763 1361 4852 ,ἲ
