4420 5692
552 3415 724 3504 ¹l3·3·&4·
793 3465 802 3486 .

934 597 1470 684 ASTRONOMIAE
1526 593 1876 673 rur-slcae

844 739 927 824 Icet
953 736 1228 853 Proposnionis
1253 738 1364 840 hujus
1387 759 1515 849 partes
1549 763 1686 820 omnes
1714 732 1800 820 satis
1816 735 1931 820 facile
1955 763 2054 822 eon..

859 847 1066 966 sequantur
1099 881 1148 936 ex
1179 857 1297 962 Prop.
1336 877 1442 936 uxr.
1485 849 1571 932 Lib.
1606 873 1642 938 ι.
1687 851 1773 934 illas
1802 873 1932 934 tamen
1968 851 2044 934 hnc

746 970 841 1052 loeo
877 967 994 1052 fustus
1017 968 1209 1076 explicare
1244 972 1284 1048 δι
1304 963 1564 1052 demonstrare
1589 965 1716 1062 libet,
1749 962 1949 1075 proprium
1969 967 2045 1048 cui·

748 1112 827 1196 que
854 1076 1109 1186 adscribendo
1142 1080 1320 1164 Schema.
2173 1135 2174 1148 ι

805 1197 891 1282 Sint
925 1197 1050 1307 primo
1075 1195 1189 1277 Nodi
1214 1194 1398 1278 Satellitis
1422 1221 1446 1276 ι
1484 1198 1525 1278 in
1564 1197 1668 1308 Syzy
1695 1194 1718 1214 ‘⁶
1769 1221 1856 1278 cum
1882 1190 1974 1276 Sole
2002 1221 2045 1291 s,
2173 1199 2174 1284 l

747 1312 826 1396 hoc
855 1311 932 1407 est,
968 1311 1087 1392 Linea
1115 1307 1329 1391 Nodorum
1361 1307 1549 1418 producta
1580 1330 1744 1392 tranent
1772 1333 1840 1420 per
1872 1307 2005 1389 Solem
2030 1339 2040 1394 r

747 1425 788 1507 in
822 1451 906 1534 quo
940 1417 1025 1506 casu
1060 1425 1161 1506 reda
1193 1449 1224 1504 u
1252 1445 1281 1504 u
1321 1421 1338 1529 (
1374 1450 1459 1531 quae
1492 1421 1543 1504 ad
1584 1426 1700 1534 Prop.
1735 1445 1845 1504 cxt.
1877 1420 1963 1502 Lib.
2006 1445 2038 1505 ι.

748 1537 1008 1622 demonstrata
1043 1537 1098 1619 est
1133 1534 1326 1649 pofitione
1359 1529 1423 1617 sud
1459 1535 1662 1620 ostendere
1691 1535 1969 1631 directionem,
2002 1539 2040 1615 δι

748 1649 1014 1762 magnitudine
1043 1643 1107 1731 sual
1139 1649 1396 1762 quantitatem
1429 1650 1501 1730 Vis
1527 1649 1659 1746 illius,
1690 1677 1776 1761 quae
1808 1644 1889 1734 solt
1921 1647 2041 1730 Satel-

747 1766 826 1848 litis
859 1788 1012 1847 motum
1034 1763 1071 1846 in
1107 1765 1367 1848 Latitudinem
1392 1759 1553 1872 afficit)
1594 1765 1712 1846 estin
1744 1763 1861 1876 plano
1896 1761 2039 1843 Orbitae

746 1878 929 1964 Satellitis
957 1906 983 1959 t
1013 1909 1023 1958 ε
1066 1881 1116 1960 Er
1141 1878 1279 1988 igitur,
1302 1899 1389 1962 utut
1419 1877 1485 1960 illa
1508 1878 1691 1966 Satelliris
1721 1899 1873 1957 motum
1895 1875 1934 1957 in
1965 1873 2041 1957 dic-

749 2017 793 2076 to
830 1991 947 2103 plano
983 1993 1212 2103 perturbet,
1251 1992 1465 2075 Satellitem
1501 1992 1553 2074 ad
1588 2017 1739 2074 motum
1769 2015 2039 2100 quemcunque

747 2127 856 2190 extra
885 2102 1029 2188 diclutn
1056 2107 1212 2214 planum
1242 2133 1264 2187 n
1290 2133 1315 2188 c
1343 2135 1367 2188 o
1399 2133 1426 2187 n
1464 2105 1690 2215 neutiquam
1724 2103 1888 2215 impellit
1920 2131 1931 2190 r
1965 2103 2040 2184 hoe

746 2221 823 2315 est,
852 2243 1002 2301 motum
1030 2219 1213 2300 Satellltis
1240 2215 1448 2304 secundum
1475 2219 1736 2302 Latitudinem
1765 2217 1930 2300 omnino
1961 2242 2038 2298 non

745 2329 887 2431 afficit,
933 2326 998 2414 sed
1029 2332 1243 2418 Satellitem
1278 2333 1576 2442 perturbationis
1609 2333 1760 2428 omnis,
1795 2329 1931 2442 quoad
1963 2334 2038 2434 ejus

746 2471 898 2528 motum
931 2445 972 2527 in
1005 2443 1150 2540 latum,
1186 2445 1398 2529 immunem
1431 2438 1581 2558 prorsus
1625 2451 1665 2527 δε
1700 2467 1898 2555 expertem
1935 2445 2037 2525 relin-

745 2560 853 2672 quit,
880 2582 925 2644 ιιι
952 2559 1100 2643 Orbem
1120 2554 1225 2643 suum
1245 2561 1350 2652 ‚cirea
1370 2561 1569 2672 proprium
1594 2558 1817 2647 Primarium
1843 2551 2036 2642 describat.

745 2676 930 2782 Cumque
956 2673 1024 2754 Vis
1058 2674 1123 2754 illa
1147 2674 1375 2784 perturbans
1404 2702 1434 2756 m
1464 2702 1492 2755 u
1521 2671 1817 2756 Inclinationem
1841 2669 1959 2752 Orbis
1978 2673 2039 2754 Sa·

745 2785 880 2867 tellitis
912 2783 963 2866 ad
1004 2785 1175 2870 Primarii
1210 2785 1360 2872 Orbem
1405 2782 1469 2900 sqd
1510 2785 1647 2870 naturd
1680 2784 1828 2868 minuat
1867 2777 2037 2906 semper,

746 2925 876 3010 neque
906 2921 1044 3006 augeat
1074 2924 1246 3008 unquam
1277 2895 1345 2978 nist
1374 2926 1444 3010 per
1478 2897 1871 3010 accidens,·propte'‚r
1894 2922 2037 2981 motum

745 3009 958 3093 Nodorum
990 3011 1030 3090 in
1057 3010 1326 3094 antecedentia
1358 3013 1408 3094 ab
1434 3011 1500 3096 illa
1526 3010 1692 3100 sadumr
1717 3032 1826 3121 patet
1855 3007 2038 3108 didorum

748 3120 912 3206 Orbium
961 3125 1260 3207 Inclinationem
1304 3121 1380 3216 else
1426 3126 1604 3216 omnium
1646 3127 1851 3214 maximam
1881 3123 2038 3238 quando

744 3235 859 3320 Nudi
883 3231 968 3320 sunt
992 3238 1033 3320 itt
1062 3238 1249 3348 Syzygiis.

803 3349 938 3435 Pofitis
961 3353 1037 3453 jam
1066 3350 1197 3432 Nodis
1223 3353 1261 3432 in
1287 3349 1492 3462 Quadrato
1519 3349 1644 3454 Solis,
1680 3353 1870 3450 Satelles,
1912 3379 2040 3468 quam·

745 3493 912 3578 primum
936 3463 1102 3548 Nodum
1135 3495 1159 3546 c
1188 3466 1253 3548 vel
1283 3491 1310 3548 ι)
1338 3463 1539 3562 transterit,
1570 3462 1752 3582 impulsus
1782 3469 1835 3550 Vi
1860 3493 1903 3548 ut
1934 3494 1965 3556 m
1992 3493 2039 3564 u,

745 3585 787 3662 δι
823 3575 1030 3660 secundum
1072 3577 1324 3665 directionem
1360 3576 1555 3664 LFabL
1590 3576 1720 3664 versus
1750 3609 1796 3678 r,
1839 3578 1890 3664 de
1927 3581 2040 3692 plano

649 3791 653 3800 ¹
747 3691 927 3776 Orbis·c
954 3719 979 3774 e
1011 3719 1038 3772 n
1065 3721 1086 3774 n
1109 3689 1261 3804 (quem
1289 3687 1432 3806 absque
1456 3693 1532 3776 hac
1558 3692 1830 3804 describeret)
1855 3717 2041 3808 perpetuo

745 3805 931 3902 trabitur,
964 3809 1004 3888 ἃ
1029 3804 1208 3889 Orbitam
1236 3802 1444 3905 describit,
1479 3809 1586 3913 eujus
1620 3809 1777 3919 planum
1808 3807 1859 3891 ad
1886 3810 2040 3919 planum

747 3920 865 4004 Orbis
899 3917 1069 4003 Primarii
1101 3948 1125 4001 c
1141 3947 1171 4026 g
1197 3946 1223 4000 ι)
1252 3915 1427 4004 bminus
1460 3921 1686 4004 inclinatum
1717 3925 1782 4004 est.
1843 3919 1978 4028 Qiod'
2002 3945 2041 4002 ut

746 4035 884 4116 clarius
910 4057 1072 4146 pateat,
1106 4032 1248 4114 referat
1274 4035 1291 4128 (
1314 4033 1353 4114 in
1375 4035 1458 4115 aliis
1484 4031 1612 4144 figuris
1637 4037 1824 4134 annexis,
1856 4033 1979 4118 oculo
2003 4035 2040 4116 in

748 4141 869 4228 Lines
901 4144 1114 4229 Nodorum
1147 4141 1335 4253 produdd
1374 4147 1681 4234 accommodatis
1715 4150 1733 4259 )
1776 4179 1794 4232 s
1821 4175 1862 4230 r·
1887 4149 2040 4258 planum

748 4255 866 4338 Orbis
903 4259 1072 4342 Primarii
1102 4256 1202 4338 circa
1232 4256 1393 4358 Solem,
1436 4289 1463 4344 τ
1493 4285 1518 4344 ι
1549 4262 1708 4370 planum
1740 4261 1962 4348 Secundaril
1992 4259 2040 4346 ad

746 4371 904 4482 planum
940 4398 958 4453 s
983 4395 1009 4452 τ
1045 4371 1271 4452 inclinatum
1304 4374 1606 4485 angulosas
1638 4377 1702 4458 vel
1734 4376 1843 4482 hujus
1874 4385 1973 4457 com
1993 4375 2042 4458 le·

745 4507 881 4566 mento
906 4481 957 4566 ad
985 4482 1085 4567 duos
1109 4487 1245 4567 rectos.
1307 4487 1470 4573 Satelles
1499 4489 1540 4569 in
1574 4515 1626 4584 n,
1659 4488 1712 4570 Vi
1744 4514 1787 4573 ut
1811 4516 1843 4570 ιι
1874 4515 1904 4570 ιι
1933 4403 1989 4572 ab
2017 4509 2040 4571 ι

743 4591 874 4694 ,versus
904 4621 950 4693 a,
985 4597 1063 4685 hoc
1098 4599 1178 4698 est,
1214 4597 1388 4688 deloco
1421 4622 1447 4686 ι.
1476 4599 1518 4684 in
1546 4599 1730 4687 locum'l
1760 4607 1928 4700 tratlus,
1964 4596 2046 4797 dpl-

1934 4741 1987 4804 cn
2011 4737 2042 4799 rt
