4420 5692
649 643 795 748 ‚47²
933 607 1879 698 atrro'rrnrrrnrrrrtrcae

649 861 652 870 ¹
725 789 795 846 nes
822 759 1109 871 inaequalitates
1143 758 1261 879 Prop'.¹
1290 751 1456 866 praeed.
1493 753 1706 866 explicatas
1731 757 1909 860 (ceteris
1939 753 2043 870 pari·-

725 876 828 984 bus)
856 873 982 984 'paulo
1008 874 1174 976 majores
1198 871 1272 953 elle
1311 895 1436 982 prope
1483 869 1818 974 Coniuneiionem
1855 869 2044 966 Satellitir

718 1003 821 1073 'cum
834 988 927 1074 Sole
953 1012 1072 1097 quam
1091 1010 1216 1096 prope
1234 981 1535 1137 Opposrtionenp
1561 1012 1650 1070 cum
1665 983 1823 1070 codem.
1844 983 2043 1100 QinDs¹

1186 1153 1635 1268 Sceptron-

737 1393 740 1404 .
784 1329 903 1439 Prop.
932 1349 1042 1439 praec.
1070 1317 1221 1434 praecise
1251 1313 1398 1430 semper
1428 1319 1657 1424 obtineret,
1698 1321 1725 1408 ll
1758 1321 1902 1408 Orbita
1925 1318 2043 1406 Satel-

737 1439 817 1526 litis
847 1437 1030 1526 Primatio
1059 1433 1326 1518 Concentrica
1357 1426 1477 1523 elsetr
1504 1433 1558 1524 sn
1584 1439 1716 1535 aliter,
1745 1432 1878 1522 saltem
1909 1435 2041 1518 locum

740 1552 903 1637 haberet
931 1554 970 1632 in
995 1550 1145 1660 integra
1175 1546 1424 1630 revolutione
1458 1549 1645 1659 Apsrdum
1676 1551 1728 1638 ad
1757 1551 1912 1635 Solent.-
1962 1549 2042 1629 Ve-

741 1692 827 1750 num
854 1663 1076 1750 -Satellitum
1110 1682 1241 1744 motus
1266 1661 1434 1764 exacuor
1471 1658 1663 1748 observati
1695 1655 1921 1770 hujusmodi
1943 1657 2039 1772 quid

741 1775 926 1873 suadent,
959 1773 1070 1888 quod
1099 1771 1281 1856 Satellitis
1307 1771 1454 1857 Orbirae
1478 1777 1670 1863 circularis
1694 1803 1870 1864 centrum
1894 1768 2040 1882 semper

661 1967 664 1980 .
741 1892 861 2006 paulo
900 1885 1085 1974 remotius
1115 1885 1167 1970 est
1198 1881 1221 1968 ὲ
1253 1885 1347 1970 Sole
1380 1913 1499 2000 quam
1532 1889 1646 2004 ipfius
1679 1894 1846 1976 Planerae
1876 1883 2042 2000 primarii

742 2029 941 2101 centrum,
971 2027 1022 2085 eo
1051 2003 1203 2110 nempe·
1223 1997 1301 2082 fine
1324 2023 1367 2084 ut
1394 2003 1563 2086 Satelles·
1592 2006 1816 2089 trinarium
1850 2023 2042 2114 perpetuo

741 2120 962 2202 comitetur.
1020 2115 1127 2196 Nam
1157 2111 1184 2195 st
1211 2112 1358 2196 Orbita
1385 2115 1568 2200 satellitis
1592 2143 1768 2204 centrum
1797 2143 1885 2200 cum
1900 2111 2040 2194 Prima·-

739 2233 788 2316 rii
818 2255 953 2315 centro
975 2251 1241 2338 congrueret,
1271 2225 1438 2309 Satelles
1468 2231 1601 2315 telino
1634 2231 1817 2315 Primario
1841 2226 1891 2312 ad
1910 2223 2045 2309 Solem

741 2344 912 2428 caderet.
968 2341 1130 2424 Satelles
1160 2336 1262 2422 eninr
1294 2339 1475 2422 orbitam
1502 2337 1608 2426 suam
1636 2340 1851 2428 describens
1877 2337 1974 2422 facit·
1998 2359 2044 2418 ut

673 2445 684 2464 ’
739 2457 882 2540 Orbita
910 2454 991 2539 haee
1021 2447 1210 2537 censenda
1237 2450 1282 2534 stt
1306 2451 1412 2564 quast
1438 2453 1621 2562 Annulus
1648 2457 1798 2570 gravis,
1831 2457 1871 2536 δι
1908 2451 2043 2536 Annu-

633 2577 638 2588 “
739 2572 769 2654 li
806 2571 919 2675 hujus
956 2567 1073 2681 partis
1122 2559 1304 2676 cujusque
1348 2567 1518 2677 gravitas
1565 2597 1611 2654 ea
1646 2571 1700 2654 esi
1742 2562 1930 2654 censenda
1958 2588 2042 2672 quta
2184 2661 2185 2666 Ν

739 2686 795 2768 est
823 2682 1006 2767 Satellitis
1038 2681 1079 2762 in
1108 2707 1155 2763 ea
1190 2674 1395 2775 versantis,
1428 2677 1612 2795 hujusque
1638 2683 1766 2796 gravis
1790 2683 1821 2764 is
1842 2679 1953 2764 locus
1974 2673 2042 2786 qui
2184 2695 2185 2708 ²

739 2797 794 2878 nst
829 2793 950 2877 centri
989 2789 1186 2901 gravitatis
1210 2787 1392 2892 ejusdem.
1448 2795 1636 2907 Cumque
1667 2823 1740 2906 per·
1773 2800 1888 2903 Prop.
1925 2811 2040 2870 rrvt.

740 2905 922 2991 Satellitis
953 2905 1134 3014 gravitas
1151 2904 1398 2986 accelomtrix
1429 2905 1558 2991 versus
1585 2911 1742 3006 Solem,
1780 2902 1887 3018 supra
1919 2899 2042 3014 gravi-

628 3105 634 3114 ,
741 3043 860 3104 tatem
884 3016 1190 3102 acceleratricem
1226 3014 1395 3100 Primtrii
1410 3057 1414 3064 ·
1427 3017 1556 3105 versus
1588 3022 1782 3119 eundern,
1830 3019 1950 3127 magis
1976 3037 2041 3095 au·
2183 3097 2184 3102 r

740 3156 875 3244 geatur
898 3131 939 3214 in
963 3126 1134 3210 inferiori
1158 3128 1306 3209 Orbirae
1332 3125 1402 3213 sue
1434 3157 1544 3242 parte
1575 3161 1697 3246 prope
1714 3133 2040 3237 conjunctionem

740 3274 856 3358 quam
892 3245 1084 3328 minuatur
1111 3242 1165 3322 in.
1175 3236 1358 3349 superiori
1373 3269 1498 3354 prope
1526 3246 1854 3356 Oppositionem,
1885 3249 1926 3328 δι
1946 3263 2042 3322 tam·

738 3359 807 3443 diu
835 3359 886 3440 in*
902 3357 969 3439 illa
993 3377 1166 3438 moretur
1193 3353 1356 3436 Satelles
1386 3382 1504 3466 quarn
1536 3358 1575 3440 in
1599 3359 1710 3449 haer
1754 3355 1922 3471 praeditis
1959 3379 2041 3464 grae

739 3473 798 3554 uis
831 3469 979 3553 Annuli
1010 3465 1088 3552 fine
1113 3463 1261 3548 Orbitae
1290 3492 1463 3551 centrum
1478 3472 1702 3582 gravitatis,
1728 3468 1890 3586 ipseque
1912 3467 2041 3582 proin·
2182 3453 2183 3523 l

696 3579 700 3588 '
740 3583 791 3664 de
815 3582 1026 3674 Annulus,
1058 3582 1204 3682 majore
1231 3603 1387 3690 urgetur
1403 3585 1593 3694 gravitate
1617 3573 1885 3669 accelarttrice
1901 3579 2051 3675 adso·

739 3695 817 3779 lent
856 3705 974 3805 quarn
1005 3691 1249 3781 Primariusr'
1274 3694 1408 3779 relicto
1435 3698 1448 3778 i
1475 3697 1550 3781 itur
1583 3699 1795 3796 Primario,
1824 3697 1887 3781 ad·
1907 3693 2042 3778 Solem

630 3875 633 3884 .
738 3809 908 3922 propius·
928 3801 1090 3891 accedet
1123 3839 1133 3885 r
1168 3804 1430 3918 quod-etiam¹
1447 3837 1471 3891 a
1488 3808 1642 3892 fortiori
1678 3809 1907 3905 obtinebit,
1926 3804 1954 3888 sr
1970 3809 2042 3887 Or·

737 3923 827 4005 birae
864 3919 1054 4006 circularis
1084 3919 1338 4003 centrum··fir
1354 3922 1451 4003 'Soli
1482 3924 1735 4034 propinqqus
1761 3949 1878 4034 quam
1902 3920 2040 4006 Prima·

738 4037 789 4118 rii·
817 4056 1005 4118 centrum.
1080 4033 1228 4112 Orbitae
1263 4054 1361 4112 vero
1396 4057 1570 4116 centrum
1607 4037 1661 4120 ita
1700 4033 1723 4118 i
1758 4039 1851 4120 Deo
1899 4037 1952 4116 Ο.
1981 4033 2038 4114 M.-

604 4245 607 4250 .
738 4147 954 4228 collocatur
976 4169 1050 4254 pro
1079 4137 1260 4252 cujusque
1287 4143 1454 4227 Primarii
1473 4145 1696 4238 distantias
1728 4151 1852 4248 Sole,
1883 4171 1928 4230 ut
1948 4169 2039 4255 pre·

737 4256 829 4340 dieti
863 4256 1014 4340 Annuli
1043 4263 1059 4358 (
1092 4282 1161 4336 ceu
1196 4254 1328 4363 gravis·
1352 4258 1580 4344 confiderati
1595 4269 1622 4364 )¹
1643 4263 1840 4370 gravitatis
1867 4283 2040 4344 centrum

736 4395 888 4454 tanturn
925 4365 947 4450 :i
980 4370 1087 4452 Sole·
1106 4367 1218 4447 disle'r
1260 4395 1447 4478 quantum
1485 4371 1598 4485 ipfius
1633 4375 1803 4458 Pn'marii
1835 4395 2039 4466 centrum,
2179 4399 2180 4418 ¹

736 4513 788 4566 ne
826 4482 986 4563 alterum
1026 4479 1075 4562 ab
1114 4480 1238 4562 altero
1275 4477 1511 4567 deseratur:
1558 4485 1656 4582 Qun
1693 4483 1964 4596 attemperatio
2000 4483 2040 4564 irr

731 4593 916 4682 orbibus-
936 4593 1170 4684 Exccotricis
1200 4593 1334 4679 locum
1371 4598 1489 4683 etiam
1524 4597 1683 4698 habet,
1712 4597 1898 4696 satellitis
1927 4591 2040 4681 morti

651 4729 660 4745 '
1954 4731 1957 4740 ⁴
1992 4708 2038 4794 in
