4376 5694
276 590 321 666 o
353 587 748 667 ouorrurrrcnr
782 589 1113 710 stanuum
1146 595 1248 675 ru.
1286 545 1358 678 vv.
1429 615 1502 700 579

192 724 439 808 Gravitatu'nr
465 727 789 811 acceleratricium
817 723 949 814 versus
977 731 1045 814 illa
1077 732 1326 844 componitur
1355 758 1403 813 ex
1441 757 1499 813 ra·

191 841 303 924 tione
330 841 471 922 diretta
498 836 666 952 ipsorum
685 868 894 954 corporum
920 839 1051 928 versus
1071 872 1157 956 quae
1178 843 1310 956 gravia
1332 840 1502 932 tendunt

193 953 412 1037 &ratione
453 949 603 1037 inversa
643 953 923 1066 quadratorum
965 957 1226 1042 distantiarum
1265 958 1315 1040 ab
1343 957 1499 1040 illorum

193 1067 368 1156 centrisr
392 1065 471 1153 hoc
497 1069 555 1151 est
587 1068 659 1167 (in
688 1065 772 1152 casu
803 1064 977 1182 praesenti
990 1079 1007 1174 )
1037 1072 1220 1174 Gravitas
1249 1070 1501 1155 acceleratrirt

192 1175 323 1263 versus
350 1182 499 1266 Lunam
533 1181 573 1263 in
609 1185 689 1283 ejus
723 1177 921 1294 superficie
946 1186 1000 1268 est
1038 1184 1088 1266 ad
1115 1184 1360 1287 Gravitatem
1391 1206 1501 1270 acce·

193 1293 411 1394 ieratricem
446 1290 577 1380 versus
605 1299 765 1379 Terram
803 1296 843 1379 in
894 1293 1092 1410 strperficie
1129 1298 1240 1402 hujus
1277 1297 1506 1384 iuratione·

192 1406 407 1524 compofita
432 1437 480 1491 ex
512 1407 664 1495 ratione
687 1405 813 1492 Massae
844 1412 961 1495 Lunae
991 1411 1046 1494 ad·
1062 1411 1222 1495 Maiiam
1253 1415 1502 1496 Terrae&ra·

191 1519 304 1606 tione
328 1521 524 1636 duplicata
554 1522 837 1607 Sernidiametri
856 1529 984 1610 Terrae
1011 1525 1062 1609 ad
1080 1521 1416 1608 Semidiarnetrum
1428 1527 1503 1608 Lu-

190 1663 281 1732 nae,
320 1635 338 1744 (
369 1663 458 1718 nam
491 1635 678 1719 distantiae
712 1631 993 1749 superficierum
1017 1636 1040 1722 ὲ
1064 1638 1205 1721 centris
1235 1631 1504 1748 sunt-sphaera·
1553 1658 1558 1667 '

190 1777 277 1862 rum
300 1749 584 1835 semidiametri
600 1751 659 1862 )
694 1751 809 1835 datur
842 1775 973 1835 autern
1006 1753 1201 1836 rationum
1230 1751 1504 1862 componenti·

190 1891 258 1956 um
278 1865 386 1975 prior
415 1893 487 1976 per
520 1870 638 1974 Prop.
657 1869 693 1948 ἰ
709 1895 748 1948 x.
775 1871 816 1948 &
848 1865 1036 1976 posterior
1057 1891 1128 1977 per
1155 1869 1271 1976 Ptop.
1297 1885 1427 1954 truta
1461 1867 1504 1947 ἃ

189 1978 308 2090 igitur
335 2003 416 2062 non
447 1977 588 2062 latebit
614 1981 713 2062 ratio
738 1975 954 2091 compofita
981 2036 995 2076 ,
1039 2003 1181 2088 nempe
1204 1975 1304 2060 tatio
1327 1975 1506 2062 Gravita-

190 2095 243 2178 tis
269 2092 548 2175 acceleratricis
576 2091 616 2173 in
648 2089 846 2203 superficie
884 2091 1000 2178 Lunae
1031 2091 1082 2178 ad
1111 2091 1362 2177 Gravitatem·
1392 2115 1504 2175 acce·
1600 2097 1608 2118 '

188 2207 407 2292 leratricem
431 2203 471 2287 in
495 2199 693 2314 superficie
725 2211 878 2291 Terta(
1638 2217 1642 2232 ’

249 2317 447 2402 similibus
473 2313 824 2404 ohservationibus
860 2317 1080 2432 eidemque
1111 2315 1410 2408 ratiocinatione
1440 2319 1504 2405 Sa·
1577 2377 1580 2382 ·

191 2430 361 2518 tellitum
381 2431 593 2541 Jovialium
625 2438 665 2517 δι
694 2434 963 2518 Saturniorum
982 2427 1109 2517 Mariae
1138 2439 1178 2520 δι
1205 2431 1428 2518 Denfitates
1445 2459 1505 2516 re·

190 2543 323 2659 speetu
349 2541 505 2629 suorum
523 2547 795 2632 Primatiorum
827 2548 1061 2634 definientur
1094 2579 1105 2627 z
1162 2573 1329 2659 cumque
1361 2545 1505 2630 horum

192 2651 322 2744 Marte
344 2659 384 2740 &
410 2654 632 2745 Denffiates
658 2659 829 2774 respettu
858 2664 995 2747 harum
1026 2661 1256 2772 qualitatum
1287 2660 1327 2744 in
1348 2655 1510 2743 Tellure

190 2775 339 2882 Propp.
375 2796 560 2856 xtvrrt
597 2777 638 2856 δι
670 2798 821 2856 xrtx.
861 2775 947 2862 Lib.
972 2789 1051 2857 111.
1091 2774 1322 2858 definiantur
1352 2801 1365 2862 3
1407 2768 1503 2854 defi-

190 2889 281 2970 nitae
310 2883 503 2970 habentur
531 2881 651 2971 Maiia
684 2945 697 2984 ,
748 2878 930 2972 Densrtas
959 2883 1217 2999 Gravitasque
1251 2885 1505 2972 accelerarent

187 3002 243 3088 ad
268 2993 482 3112 superficies
512 3001 759 3086 Planetarutn
784 3004 1010 3114 *systemate
1025 3001 1165 3090 ·Solati
1202 3023 1501 3088 contentorum«

520 3187 928 3294 SECTIO
1004 3187 1171 3293 x11·

189 3361 1502 3470 Daur'ourrsmrrrrunrrperurere
1631 3473 1637 3490 ι

265 3589 269 3598 ,
376 3493 1316 3620 nuuaxrturunGnrvrrarr

683 3627 1015 3692 onruuon

276 3797 361 3886 icet
383 3820 538 3882 montes
569 3791 769 3908 vallesque
793 3799 1032 3892 Terrestres‚
1069 3798 1109 3876 δι
1144 3793 1362 3878 eminentiae
1400 3790 1506 3875 cavi.

301 3909 475 4024 ratesque
500 3914 670 3995 Lunares
712 3911 845 4024 (quas
866 3912 1051 3994 evincunt
1068 3909 1219 3994 illatum
1248 3904 1411 3990 Umbrae
1429 3930 1504 4015 pro
1592 3905 1596 3912 '

197 4024 352 4112 diverso
385 4026 487 4109 Solis
512 4025 583 4108 fitu
605 4026 645 4106 in
673 4025 741 4106 has
781 4024 918 4137 projici
943 4020 1078 4124 visae)
1131 4047 1340 4128 corporum
1363 4019 1505 4102 horum
1579 4033 1613 4096 ¹.

201 4140 480 4234 rotunditatem
499 4164 581 4220 non
607 4138 780 4234 tollant,
809 4165 853 4222 ut
885 4133 1054 4248 superius
1086 4135 1139 4220 est
1166 4135 1309 4217 dietum
1342 4161 1355 4220 3
1401 4149 1505 4241 quat·

196 4251 292 4336 'dam
323 4279 451 4337 tamen
474 4245 706 4336 universales
739 4249 823 4333 sunt
850 4248 873 4334 ai
898 4249 1020 4362 figura
1056 4247 1231 4359 spharica
1260 4244 1507 4329 deviationes

162 4429 166 4432 -
201 4377 285 4451 non
315 4364 626 4449 diffimulandae‘:
679 4391 735 4444 ex.
757 4392 818 4474 gr.
855 4363 929 4466 illa
951 4363 992 4468 in
1016 4359 1266 4476 sphaeroidem
1299 4355 1507 4471 prolatam,
1574 4446 1581 4459 x

202 4509 320 4592 quam
345 4478 580 4590 'corporibus
606 4473 805 4590 quibusvis
832 4477 957 4562 fluidis
983 4477 1083 4561 circa
1110 4475 1291 4590 proprios
1325 4497 1414 4556 axes
1444 4497 1507 4554 to-

202 4595 290 4682 tatis
323 4619 548 4708 competere
577 4588 771 4682 ostensum*
799 4593 852 4678 est
880 4593 998 4706 Ptop.
1044 4613 1187 4672 xnxr.
1216 4588 1308 4675 ltu
1335 4607 1372 4670 ι.
1423 4585 1506 4664 Ve-

1278 4743 1281 4752 ⁴
1421 4722 1506 4780 turn
