4376 5694
250 640 296 720 o
336 629 730 716 eronurrrra
765 569 1106 708 arearum.
1143 629 1230 705 ιι..
1264 629 1334 708 rr.
1408 637 1477 730 5⁶7

172 775 277 862 eirea
306 777 438 862 Solem
463 769 515 856 ad
544 777 717 884 Tempus
746 770 987 884 periodicum
1008 771 1120 882 Jovis
1149 771 1250 854 cirea
1280 767 1509 862 eundem5.

176 889 258 974 hoc
289 892 341 974 est
370 888 390 996 (
418 889 487 1000 per
515 883 657 972 dium
692 889 806 994 Prop.
841 913 952 997 praec.
984 887 1002 996 )
1043 911 1087 970 ut
1112 888 1249 968 Motus
1283 885 1359 968 toti
1395 887 1480 966 No-

175 1001 318 1088 dorum
351 995 612 1112 Temporibus
650 999 857 1112 periodicis
896 998 1080 1088 Satellitis
1112 1003 1153 1080 δι
1183 999 1300 1082 Luna
1335 997 1387 1080 ad
1422 999 1480 1082 in.

177 1143 319 1200 vicem.

235 1234 286 1315 Et
306 1227 475 1314 similiter
506 1225 760 1339 AEquationes
788 1225 962 1310 maximae
987 1224 1200 1312 Nodorum
1226 1233 1266 1310 δι
1291 1223 1480 1338 Apfidum

176 1343 361 1432 satellitis
393 1338 553 1425 suntad
587 1340 841 1452 AEquationes
871 1341 1057 1424 maximas
1092 1340 1304 1424 Nodorum
1332 1345 1371 1420 δι
1400 1342 1481 1452 Ap·

177 1458 299 1544 srdum
326 1457 443 1540 Lunae
476 1451 709 1565 respedtive‚
745 1474 789 1538 ut
814 1453 951 1537 Motus
984 1453 1198 1539 Nodorum
1226 1459 1265 1538 δι
1294 1452 1481 1566 Apsrdum

176 1569 361 1656 Satellitis
385 1575 581 1677 Tempore
611 1569 723 1650 unius
756 1567 1016 1655 revolutionis
1060 1567 1344 1678 liquationum
1380 1569 1483 1678 prio·

177 1711 263 1768 rum
296 1681 347 1766 ad
389 1685 525 1764 Motus
571 1678 785 1763 Nodorum
821 1681 861 1760 δι
902 1679 1091 1791 Apsrdum
1133 1684 1248 1770 Lunae
1287 1684 1484 1793 Tempore

178 1797 292 1882 unius
318 1793 578 1877 revolutionis
610 1792 890 1906 AEquationum
918 1793 1187 1905 posteriorum.
1230 1807 1232 1814 ’

236 1910 373 2021 Atque
405 1907 487 1992 haec
524 1909 657 1992 omnia
696 1933 788 1990 vera
821 1901 907 1989 sunt
943 1905 1113 1989 fimilirer
1151 1905 1201 1989 de
1233 1908 1313 1990 alio
1341 1905 1485 2016 quovis

180 2022 370 2110 satellite.
428 2021 576 2102 Verum
605 2021 775 2103 inventis
806 2015 922 2103 semel
942 2018 1056 2102 ‘dietis
1086 2019 1416 2130 Inaequalitatibus
1445 2020 1485 2106 in

179 2164 262 2224 uno
289 2131 537 2230 Satellitum‚
569 2133 742 2248 analoga
766 2131 1052 2244 Ina-qualitates
1082 2135 1121 2218 in
1148 2135 1229 2216 alio
1248 2134 1391 2246 quovis
1418 2134 1497 2218 εἰς..
1532 2233 1537 2246 Ι
1637 2129 1641 2135 ’

186 2277 234 2336 ca
263 2245 432 2333 eundem
476 2248 698 2332 Primarium
732 2246 966 2356 revolvente
1005 2244 1153 2334 facilius
1187 2247 1490 2335 determinantur

190 2377 265 2476 per'
299 2365 416 2469 Prop.
459 2385 507 2442 ur
562 2355 718 2470 ejusque
754 2359 916 2446 Corol:
960 2387 1043 2444 non
1076 2387 1176 2472 opus
1205 2363 1308 2447 enim
1338 2362 1492 2454 eritad·

128 2485 133 2494 '
189 2476 325 2564 hibere
355 2467 542 2556 inversam
573 2474 811 2584 duplicatam
844 2471 1036 2556 rationem
1065 2476 1269 2584 Temporis
1303 2475 1501 2584 periodiei

194 2584 367 2674 Primarii
397 2587 498 2672 circa
525 2585 689 2686 Solem,
733 2612 822 2678 eum
844 2585 1045 2674 Primarius
1078 2611 1231 2674 maneat
1263 2589 1382 2676 idem.
1468 2617 1471 2624 ’

473 2773 1199 2864 'PROP081T10Lv.

40 3019 47 3030 ·
194 2955 341 3054 Mum
357 2965 531 3076 Apfidum
578 2960 790 3045 Satelitum
836 2961 1207 3071 circum-Joviaelium
1248 2991 1316 3050 aut
1347 2973 1500 3052 circumss

253 3073 511 3164 Saturninum
541 3079 653 3188 Prop.
671 3102 775 3188 praec.
803 3083 975 3160 inventos
1019 3085 1209 3189 corrigere.

197 3271 285 3450 Q
307 3270 486 3356 Uoniarn
516 3269 631 3358 Lunae
663 3265 775 3380 Apsus
817 3269 855 3352 in
887 3268 1063 3382 Syzygiis
1092 3299 1180 3354 cum
1214 3272 1307 3354 Sole
1343 3299 1500 3384 progre.

311 3385 440 3480 ditur,
481 3406 525 3468 ut
559 3385 600 3464 δι
637 3380 820 3468 Satellitis
863 3385 980 3470 etiam
1028 3381 1140 3495 Apsus
1185 3413 1254 3496 per
1285 3387 1402 3497 Prop.
1433 3413 1500 3484 ur,

197 3491 263 3582 sed
299 3497 442 3582 tardius
460 3516 620 3608 propter
645 3493 766 3576 breve
788 3495 1027 3604 periodicum
1059 3503 1229 3607 Tempus
1257 3497 1420 3582 Telluris
1435 3501 1502 3580 eir·

201 3611 388 3698 eaSolem
416 3608 586 3722 respeelu
620 3605 811 3718 per10dici
848 3610 1050 3719 Temporis
1084 3611 1237 3694 Saturni
1279 3637 1346 3695 aut
1391 3613 1522 3722 Jovis¹

199 3723 302 3808 eirca
330 3723 497 3809 eundem
522 3755 535 3812 3
564 3745 674 3838 pater
704 3722 820 3805 Luna
851 3721 1036 3832 A'plrdem
1059 3722 1209 3808 ‚diutius
1233 3725 1274 3806 in
1299 3726 1401 3808 Solis
1432 3727 1504 3834 Sy.

205 3839 317 3948 zygia
357 3843 398 3920 δι
434 3863 558 3947 prope
596 3834 702 3918 illam
738 3834 884 3917 harere
912 3861 1035 4030 guam
1074 3836 1257 3919 Satellitis
1292 3836 1475 3948 Apsrdem
1489 3893 1504 3934 ,

205 3973 345 4062 utpote
376 3977 462 4062 quae
495 3950 629 4033 Solem
663 3941 809 4035 utrivis
844 3946 909 4059 Ap
926 3947 990 4030 rde
1021 3947 1182 4032 celerius
1206 3949 1245 4030 in
1267 3945 1505 4061 consequen·

205 4063 262 4146 ria
300 4063 420 4154 larum
457 4064 616 4174 propius
657 4055 875 4170 allequitur.
939 4064 988 4144 Et
1022 4089 1072 4143 ex
1107 4063 1227 4148 altera
1261 4085 1369 4174 parte
1405 4087 1506 4148 utra-

208 4202 288 4287 que
331 4173 442 4289 Aplis
468 4179 509 4260 in
545 4172 646 4258 Solis
688 4172 893 4276 Quadrato
927 4174 1167 4284 regreditur,
1219 4174 1335 4258 Lunae
1377 4201 1507 4260 autem

207 4287 404 4377 celeriuss
436 4290 609 4400 ideoque
646 4285 828 4372 breviore
869 4312 1047 4398 tempore
1079 4289 1133 4371 in,
1157 4289 1270 4372 ¹Solis
1301 4289 1508 4390 Quadrato

208 4402 314 4500 (cui
346 4401 391 4487 fit
422 4398 616 4504 obviam)
651 4424 864 4511 permanet.
923 4401 1108 4511 Cumque
1142 4399 1197 4485 ob
1228 4403 1389 4514 primam
1421 4429 1530 4488 uam·

207 4509 286 4599 sam
319 4515 500 4601 breviore
534 4539 711 4626 tempore
745 4511 1012 4626 progrediatur
1033 4515 1217 4600 Satellitis
1248 4513 1361 4630 Apsrs
1392 4541 1533 4626 quam·

206 4627 323 4750 plpsrs
366 4631 508 4726 Lunae,
558 4631 598 4714 dr
649 4625 704 4711 ob
745 4627 949 4830 secungarp
993 4627 1174 4740 longiore
1219 4653 1397 4741 tempore
1454 4655 1518 4822 rgu
