4420 5692
683 601 758 676 442
859 545 1450 652 'arrrouonrae
1495 570 1829 652 nursica

504 733 780 802 naxrrrtna
817 737 988 800 cacum
1021 712 1236 798 velocitate
1263 713 1418 798 revolvi
1451 709 1596 826 pollet,
1636 743 1755 830 quatu
1782 731 1925 824 corpur
1957 705 1998 792 in

473 872 480 884 ·
542 817 595 894 ⁸⁸·
618 829 645 876 ¹·
692 825 822 940 Ellipst
847 826 1063 916 revolvens
1098 827 1220 911 habet
1254 827 1294 908 in
1330 848 1391 926 u,
1416 831 1509 930 est(
1534 857 1606 944 pet
1633 856 1746 940 praec.
1777 825 1921 932 lem.)
1945 822 1996 908 ad

689 944 810 1038 Vim,
846 935 925 1054 qui
957 967 1097 1053 corpus
1126 943 1165 1024 in
1200 941 1330 1052 Ellipsr
1362 943 1575 1028 revolvens
1607 967 1765 1054 urgetur
1797 943 1838 1026 in
1869 965 1897 1022 a
1914 995 1930 1036 ,
1953 957 1997 1020 ut

686 1051 883 1144 semilatus
906 1055 1053 1142 redium
1078 1051 1267 1166 Ellipscos
1298 1055 1350 1140 ad
1382 1051 1705 1142 semidiamettum
1734 1053 1895 1151 cumuli,
1921 1046 1997 1134 five

685 1250 785 1316 utu
813 1221 864 1309 ad
898 1237 1006 1312 lar
1030 1220 1232 1336 'adeoque
1266 1223 1375 1308 valet
1399 1174 1582 1374 ἓξὲξ-
1616 1225 1724 1312 Cum
1752 1243 1882 1310 autern
1901 1221 1996 1332 (per

688 1393 833 1484 ¹Coros.
865 1409 906 1486 2.
947 1393 1063 1503 Prop.
1102 1415 1171 1475 tv.
1205 1392 1224 1501 )
1254 1388 1475 1480 differentia
1512 1393 1666 1478 Vitium
1709 1394 1751 1478 in
1780 1389 1930 1506 pundiis
1965 1412 1996 1469 a

690 1563 733 1647 dc
762 1589 789 1642 a
823 1555 868 1642 lit
901 1555 953 1642 ad
986 1559 1080 1648 Vim
1111 1558 1328 1672 ptaedidlam
1352 1562 1393 1646 in
1420 1561 1601 1662 circulo,
1643 1533 1908 1714 ipfiffl
1953 1581 2014 1683 ars

511 1783 518 1798 ’
685 1739 951 1862 ⁴1⁰²¹²¹¹¹³¹¹t
982 1763 1009 1820 G
1032 1764 1059 1846 i
1082 1763 1172 1820 *1³
1198 1768 1224 1850 q
1255 1737 1306 1824 ad
1335 1769 1356 1824 1·-
1381 1771 1408 1851 q
1437 1771 1447 1820 =
1483 1741 1556 1826 etit
1587 1737 1657 1824 iila
1687 1735 1906 1822 differentia
1929 1732 1999 1815 Vi·

691 1909 791 1996 tium
823 1904 981 2020 equalis
1012 1873 1428 2064 ἕὶῗὲᾖὲᾞι
1467 1913 1508 1993 &
1529 1907 1549 2020 (
1563 1935 1634 2020 per
1660 1909 1778 2020 Prop.
1810 1907 1913 2008 1v.)
1932 1895 1999 1987 dif-

689 2085 856 2174 ferentia
881 2081 1032 2170 Vitium
1067 2085 1109 2170 in
1143 2085 1228 2170 aliis
1266 2079 1465 2201 quibusvis
1491 2085 1644 2202 punciit
1674 2085 1863 2199 aequialtis
1892 2081 1918 2191 (-
1933 2077 1999 2165 ubi

689 2228 834 2315 nempe
862 2195 1032 2281 altitudo
1060 2199 1115 2282 est
1141 2197 1440 2284 indeterminata
1469 2235 1499 2292 t
1524 2203 1544 2301 )
1571 2202 1627 2287 eli
1656 2198 1708 2286 ad
1744 2195 1999 2284 differentiam

690 2317 844 2402 Vitium
868 2312 910 2394 in
944 2307 1074 2420 apside
1106 2339 1135 2392 n
1165 2309 1276 2422 (ubi
1316 2311 1484 2397 altitudo
1510 2315 1563 2395 est
1591 2342 1619 2396 t
1647 2341 1676 2394 A
1705 2313 1723 2420 )
1755 2311 1850 2396 sicut
1881 2307 2001 2394 cubus

689 2426 806 2545 ipsius
836 2452 865 2510 τ
893 2449 922 2506 n
949 2419 1001 2506 ad
1036 2448 1062 2505 a
1089 2429 1183 2512 cubt
1210 2423 1394 2538 adeoque
1424 2425 1466 2508 in
1493 2423 1870 2539 quavis‘altitudine
1896 2421 2001 2508 vale·

688 2594 751 2689 bit
776 2559 1178 2677 Qq-T-ff-'l-F-q.
1226 2593 1267 2678 Si
1291 2592 1407 2704 igitur
1423 2593 1475 2678 ad
1502 2595 1597 2678 Vim
1612 2543 1711 2738 32¹,
1748 2589 1828 2704 qui
1859 2615 2000 2704 corpur

689 2769 848 2854 revolvi
884 2677 1075 2879 pbtdilbin
1103 2760 1236 2873 Ellipli
1270 2761 1465 2846 immobili
1503 2787 1667 2863 auu,
1705 2760 1870 2848 addatur
1903 2757 2004 2844 dicta

692 2927 914 3022 differentia
941 2902 1232 3004 R-f-ff-q-Y
1263 2897 1290 2956 R
1324 2908 1345 2953 χ
1381 2903 1402 2958 F
1436 2906 1488 3024 qt
1515 2953 1778 3046 componetur
1812 2929 1886 3015 Vis
1918 2947 2002 3026 tota

1133 3017 1167 3084 A
1188 3007 1270 3082 cub.

691 3125 822 3410 ,Fi-{4¹
842 3129 1277 3314 Ἢ,
1303 3154 1383 3271 qud
1418 3181 1560 3271 corpus
1602 3157 1643 3240 in
1687 3151 1818 3268 Ellipli
1867 3147 2003 3237 mobili

687 3356 717 3420 ι
764 3352 796 3442 p
823 3331 968 3422 eodem
1003 3362 1183 3449 tempore
1213 3335 1369 3420 revolvi
1395 3307 1534 3450 potest.
1562 3337 1625 3446 Q
1642 3335 1689 3419 E.
1716 3333 1771 3418 D.

1061 3503 1563 3604 Couotunntuu
1618 3525 1652 3591 t

751 3666 856 3752 Hinc
888 3667 916 3752 fi
950 3667 1003 3752 Vi
1032 3671 1282 3786 centtiperae‚
1309 3699 1395 3788 quae
1427 3673 1482 3756 est
1506 3655 1778 3784 in'teciproca
1809 3665 2005 3782 duplicata

652 3788 655 3796 ’
690 3779 845 3868 ratione
873 3779 1058 3867 distantiae
1085 3783 1108 3869 al
1140 3812 1306 3885 centro,
1342 3784 1422 3899 qui
1451 3811 1592 3896 corpus
1616 3781 1657 3866 ln
1690 3778 1820 3894 Ellipst
1845 3784 2006 3865 immota

692 3894 939 3994 revolvitur,
966 3891 1243 4008 superaddatur
1267 3897 1342 3980 alia
1367 3897 1553 4010 quaelibet
1580 3897 1654 3981 Vis
1683 3923 1770 4008 quae
1800 3895 1856 3978 est
1879 3918 1924 3978 ut
1944 3923 2007 3979 cu·

599 4031 604 4042 ·
692 4003 768 4090 bus
799 4006 985 4090 distantiae
1025 4011 1225 4120 reciproce
1262 4035 1444 4124 §corpus
1477 4009 1674 4096 describet
1710 4005 1868 4118 Ellipstn
1902 4009 2007 4112 cujus

693 4112 844 4230 apsides
874 4116 915 4202 in
948 4113 1225 4234 consequentia
1256 4119 1447 4209 seruntur.
1509 4128 1617 4210 Nam
1642 4122 1736 4237 quia
1761 4117 2004 4220 differentia,

967 4261 995 4318 ι
1016 4267 1037 4310 κ
1058 4261 1083 4318 G
1100 4265 1126 4346 q
1140 4279 1188 4302 ·-·
1205 4261 1230 4319 R
1250 4267 1270 4313 x
1291 4261 1310 4317 F
1327 4265 1353 4346 q

696 4308 783 4400 quar
809 4283 863 4369 est
894 4311 937 4380 ut
965 4345 1379 4444 *W'
1415 4293 1456 4378 in
1486 4293 1566 4428 boc
1597 4285 1684 4379 casu
1718 4291 1771 4375 est
1806 4284 2006 4402 pofitiva,

693 4489 724 4550 o
758 4463 917 4553 excedit
948 4495 971 4552 r
1006 4465 1139 4557 t'boc
1173 4469 1252 4566 esi,
1282 4464 1446 4582 angulus
1470 4461 1507 4550 'a
1533 4489 1562 4548 t
1585 4461 1606 4542 l
1633 4458 1789 4548 excedit
1824 4458 2007 4572 angulum

699 4603 728 4661 Α
754 4603 779 4664 τ
809 4603 867 4674 ut
905 4575 1010 4670 unde
1035 4579 1145 4696 (pet
1176 4579 1322 4672 Corol.
1364 4603 1402 4668 ι.
1442 4581 1559 4692 Prop.
1593 4601 1666 4664 tv.
1699 4575 1721 4686 )
1760 4569 2009 4776 apfiqleqsunqqp
