4336 5692
627 645 634 672 ,
705 597 779 684 636
941 577 1467 660 AsTRoNoMM
1513 569 1847 656 rursm

530 718 911 818 mxxuvationum
942 771 955 812 ‚
991 715 1040 798 ad
1079 714 1236 823 planum
1278 709 1476 820 Eclipticae
1500 709 1754 798 demittantur
1781 708 2013 808 normale33

573 842 662 916 fis-5·
707 831 881 918 incident
916 829 1044 911 luein
1079 829 1214 913 Reiias
1240 847 1346 922 uu,
1387 849 1481 922 ur,
1509 830 1635 908 co&
1661 852 1737 908 ou
1769 816 2011 935 respective,

707 947 896 1060 quoniam
930 945 987 1026 hae
1012 940 1205 1024 denotant
1223 942 1331 1024 Loca
1354 937 1598 1042 Cometaein
1625 938 1842 1050 Eclipticar
1882 961 2013 1020 erunt·

708 1089 787 1174 que
814 1061 894 1140 haec
923 1082 1092 1169 quatuor
1115 1056 1255 1166 pusiola
1283 1053 1324 1134 in
1350 1052 1486 1136 eadem
1519 1059 1650 1142 teila,
1679 1055 1878 1137 communi
1901 1077 2011 1133 nem·

709 1203 759 1288 pe
798 1168 964 1256 seuione
999 1169 1104 1280 plani
1149 1194 1217 1280 per
1245 1168 1518 1270 Trajcuoriam
1554 1165 1718 1252 traduiii
1756 1163 1808 1251 ad
1847 1164 2010 1277 planum

708 1285 904 1397 Eelipticae
931 1281 1117 1368 normalis
1163 1309 1250 1364 curn
1281 1281 1387 1363 diuo
1422 1281 1618 1390 Eclipticae
1652 1283 1773 1394 plano
1814 1310 1826 1369 3
1883 1300 2009 1362 erunt·

708 1429 786 1516 que
806 1426 924 1509 porro
958 1402 1068 1508 (per
1099 1395 1209 1502 Prop.
1241 1419 1294 1476 11.
1327 1391 1391 1474 El.
1425 1417 1492 1475 vr.
1525 1395 1543 1502 )
1594 1394 1779 1478 distantior
1804 1393 1904 1476 inter
1925 1394 2009 1474 haec

736 1519 848 1596 unola
871 1537 916 1594 ut
940 1508 1121 1592 distantiae
1147 1512 1377 1620 punolorum
1406 1509 1446 1590 in
1473 1507 1616 1619 quibus
1637 1509 1809 1592 Cometa
1833 1506 2011 1588 iuvenie-

706 1546 820 1710 Eatur
847 1627 887 1707 in
918 1625 1073 1732 propria
1105 1623 1373 1724 Trajeiloria‚
1402 1620 1588 1734 adeoque
1619 1645 1664 1705 ut
1679 1627 1875 1733 Tempora
1904 1618 2008 1703 inter

705 1737 1038 1823 Observationes:
1082 1735 1161 1820 Sed
1190 1758 1260 1816 uu
1288 1736 1342 1818 est
1374 1735 1487 1819 unica
1502 1737 1646 1834 Reor,
1672 1737 1780 1839 cujus
1808 1757 1934 1846 partes
1949 1733 2007 1814 in·

582 1957 584 1962 Ι
706 1878 767 1936 ter
796 1855 917 1936 reolus
942 1877 1038 1946 uu,
1065 1877 1154 1943 ur,
1182 1874 1250 1952 co
1288 1854 1326 1931 δι
1361 1874 1432 1930 ou
1459 1849 1664 1952 interjeilae
1694 1843 1780 1934 lunt
1822 1872 1866 1930 ut
1892 1850 2006 1930 Tern-

705 1994 803 2080 pora
838 1961 937 2048 inte'r
971 1955 1278 2046 Observationes
1312 1986 1483 2075 quatuor
1508 1958 1718 2073 respective
1750 1995 1763 2052 ς
1821 1960 2007 2072 &igitur

704 2105 771 2162 uu
801 2082 920 2164 liclia
948 2079 1003 2161 est
1033 2075 1236 2188 vestigium
1261 2075 1409 2161 Orbitae
1442 2075 1661 2164 Corneticae
1690 2077 1732 2162 in
1758 2074 1879 2190 plano
1911 2072 2005 2156 Ecli·

735 2220 832 2278 ucae.

706 2222 745 2408 P,
763 2311 827 2396 Ut
861 2329 990 2416 autem
1020 2300 1102 2386 dati
1128 2304 1254 2412 puniri
1277 2303 1390 2410 hujus
1427 2305 1554 2389 ueoae
1593 2302 1768 2390 distantia
1798 2301 1821 2388 i
1850 2297 2007 2390 Tellure

703 2439 795 2507 eum
817 2421 1008 2506 Distantia
1037 2415 1224 2500 mediocri
1269 2419 1434 2504 Telluris
1470 2416 1493 2502 i
1524 2415 1619 2514 Sole
1650 2417 1701 2502 ad
1735 2416 1870 2501 datum
1896 2419 2009 2500 Tem·

703 2564 776 2649 pus
806 2531 1056 2627 conferatur,
1101 2528 1150 2614 fic
1182 2531 1519 2642 procedendum:
1579 2533 1625 2614 In
1672 2529 1862 2643 triangulo
1906 2553 2007 2612 As}

702 2651 845 2736 dantur
882 2647 986 2760 (uper
1008 2647 1125 2782 Prop.
1150 2671 1327 2729 xum.
1360 2646 1446 2730 Lib.
1483 2653 1607 2755 111.)
1650 2645 1769 2770 latera
1800 2669 1859 2728 su
1895 2700 1910 2740 ,
1954 2667 2004 2724 su

701 2763 907 2852 Distantiae·
926 2765 1053 2844 Terrae
1079 2785 1103 2840 a
1125 2759 1219 2844 Sole
1237 2757 1288 2842 ad
1322 2759 1414 2842 data
1445 2765 1663 2873 Tempora,
1701 2763 1741 2840 δι
1766 2756 1930 2872 angulus
1950 2755 2005 2836 in-

702 2899 898 2990 terceptus
925 2883 1022 2956 riu
1057 2867 1275 2956 differentia
1296 2874 1493 2959 Locorum
1510 2883 1637 2962 Terrae
1658 2872 1680 2956 ὲ
1697 2872 1792 2955 Sole
1814 2867 2007 2956 visorumr

699 3017 822 3108 quare
850 3014 933 3074 non
962 2983 1139 3072 latebunt
1165 2986 1296 3097 anguli
1326 3012 1389 3068 su
1409 3013 1457 3087 u,
1486 3013 1591 3076 suu
1617 2994 1656 3073 δε
1682 2988 1783 3071 κᾶε
1807 3011 1832 3068 Α
1853 3011 1874 3067 u
1898 2983 2009 3069 chor.

700 3111 752 3191 du
781 3101 890 3190 arctis
921 3097 954 3211 ὲΙ
977 3099 1133 3185 Tellure
1173 3098 1325 3186 interim
1361 3101 1555 3218 percurfi,
1584 3104 1661 3187 hoc
1681 3097 1733 3184 est
1757 3159 1771 3198 ,
1797 3100 1953 3184 chordae
1970 3097 2009 3178 il·

700 3222 774 3306 lius
803 3219 903 3303 ratio
937 3214 988 3301 ad
1016 3213 1350 3300 semidiametrum
1380 3218 1500 3300 Orbis
1534 3217 1676 3330 magni.
1741 3207 1924 3312 Rursus,
1968 3212 2008 3292 in

700 3334 894 3446 triangulo
930 3355 1041 3415 reru
1081 3329 1223 3412 dantur
1248 3358 1385 3414 omnes
1412 3333 1543 3445 anguli
1572 3385 1587 3429 ,
1634 3330 1727 3442 quia
1754 3327 1895 3411 dantur
1927 3325 2006 3408 duo

699 3475 727 3532 u
746 3477 848 3546 Au,
874 3471 1017 3540 ΗΑ,
1057 3442 1077 3552 (
1094 3446 1157 3527 hic
1180 3441 1357 3528 nimirum
1385 3440 1530 3534 summa
1556 3445 1621 3528 vel
1650 3437 1868 3526 differentia
1891 3466 2008 3526 noro-

701 3589 785 3646 rum
812 3561 1042 3672 angulorum
1086 3585 1103 3642 s
1138 3580 1246 3657 uu,
1281 3585 1429 3658 suu,
1466 3560 1535 3644 ille
1571 3557 1741 3642 fimiliter
1766 3551 1910 3638 summa
1941 3553 2009 3635 vel

696 3672 915 3759 differentia
944 3699 1129 3757 notorum
1159 3699 1306 3775 suu,
1353 3701 1419 3760 su
1435 3681 1545 3777 ur)
1591 3697 1711 3786 quare
1756 3669 1868 3754 datur
1907 3667 2007 3750 ratio
2051 3701 2054 3706 ¹

697 3789 862 3880 laterum
888 3812 912 3868 r
938 3814 967 3868 u
994 3791 1035 3869 lic
1065 3813 1132 3870 ru
1169 3819 1179 3866 ε
1234 3787 1313 3872 Sed
1351 3791 1455 3901 prius
1481 3788 1572 3870 data
1611 3806 1693 3869 erat
1722 3787 1819 3867 ratio
1845 3775 2010 3892 ipsarum

696 3929 758 3986 su
794 3907 889 4016 &u
915 3927 974 3990 ur
1022 3899 1195 4012 ideoque
1222 3929 1304 3986 non
1332 3903 1472 3990 latebit
1506 3899 1606 3985 ratio
1637 3925 1698 3982 sr
1730 3895 1781 3981 ad
1810 3923 1898 3978 uu.
1955 3895 2010 3978 Si-

698 4013 840 4099 militer
866 4009 1017 4127 prorsus
1048 4044 1095 4097 ex
1131 4015 1286 4100 duobus
1301 4011 1569 4102 Terrae'Locis
1603 4017 1694 4098 A&
1724 4037 1752 4095 u
1790 4008 2009 4094 invenietur

696 4129 797 4244 fario
836 4127 938 4212 inter
968 4155 1032 4211 su
1070 4133 1109 4210 &
1139 4155 1251 4219 ror
1292 4159 1412 4242 quare
1446 4154 1541 4216 nota
1574 4130 1646 4215 erit
1678 4127 1778 4210 ratio
1813 4125 1915 4207 inter
1949 4150 2006 4204 sr

697 4247 737 4325 ’δι
766 4269 794 4324 1<
813 4270 869 4340 0,
904 4237 1066 4355 ipsarum
1098 4268 1167 4324 ro
1198 4249 1238 4326 &
1274 4268 1306 4330 Κ
1325 4269 1353 4326 o
1388 4244 1684 4330 differentiam:
1730 4237 1808 4324 Sed
1835 4233 2010 4350 Propofi·

698 4356 808 4438 tione
836 4351 1080 4466 praecedente
1113 4352 1303 4442 ostensum
1328 4361 1411 4458 est,
1450 4355 1660 4471 quomodo
1702 4350 1935 4464 investigare
1965 4349 2005 4432 li-

695 4470 973 4554 certationem
1003 4469 1105 4551 inter
1128 4495 1201 4554 uo
1228 4477 1267 4556 &
1304 4499 1330 4555 u
1358 4497 1410 4562 er
1437 4493 1556 4585 quare
1587 4464 1804 4555 innotescet
1834 4465 1934 4549 ratio
1954 4465 2006 4546 iu·

694 4609 753 4677 ter
778 4608 837 4667 su
867 4585 907 4668 le
934 4609 1003 4668 uu
1026 4640 1042 4688 ,
1070 4577 1243 4706 ideoque
1272 4587 1373 4676 ratio
1397 4587 1498 4677 inter
1521 4617 1541 4676 s
1562 4613 1589 4671 r
1615 4591 1654 4668 ilc
1688 4607 1750 4666 ru
1776 4580 1896 4666 etiam
1914 4601 2005 4710 nora

1794 4707 1797 4716 '
1916 4713 1998 4776 eut.
