4322 5686
193 477 1148 574 oeaoutrtlcaetztarssnlt'n
1173 487 1323 572 tuat.
1347 510 1419 586 701

100 613 306 726 tegulam:
351 619 490 719 (Nam
518 615 748 728 opiniones,
794 645 955 734 quatum
984 623 1172 708 meminit
1192 623 1419 708 Plutarchus

82 713 192 806 Lib.
230 749 293 815 11.
321 726 368 806 de
392 725 535 809 Placit.
564 723 710 833 Plrilrfi
740 757 879 840 nempe
906 725 1129 813 Xenocratis
1157 737 1227 847 qui
1254 761 1328 820 una
1356 767 1419 822 ea·

10 903 12 908 .
98 829 269 948 demque
301 838 342 920 in
378 831 575 948 superficie
606 837 730 922 stellas
763 841 914 924 moveri
949 864 1088 948 purat,
1132 851 1173 930 δι
1198 838 1421 930 Metrodori

97 935 191 1024 Cbr'r'
228 952 268 1034 δι
296 939 494 1031 Crateti,
544 950 611 1058 qui
639 946 771 1033 Solem
800 949 975 1034 omnium
999 946 1213 1065 supremum
1241 957 1420 1040 constitu-

95 1077 180 1140 tum
209 1055 494 1154 crediderunt,
534 1059 763 1170 postquem
793 1061 978 1158 Lunam,
1028 1065 1126 1150 infra
1152 1068 1223 1150 hos
1252 1087 1421 1151 errantes

93 1163 390 1282 inerantesque,
433 1165 499 1250 vel
536 1165 800 1280 destpientium
837 1169 982 1272 fuere,
1019 1175 1113 1273 vel,
1150 1175 1260 1282 quod
1290 1177 1421 1286 potius

95 1272 321 1362 crediderim
352 1336 366 1376 ,
422 1303 557 1360 eorum
592 1278 662 1408 qui
693 1281 896 1364 veritatem
931 1282 1116 1368 obvelare
1152 1285 1420 1382 volueruntz)

94 1384 186 1472 licet
229 1386 353 1470 multo
387 1383 572 1471 difficilius
595 1417 643 1470 *m
681 1392 800 1472 Tetra
862 1416 959 1490 uam¹
985 1394 1024 1474 in
1057 1393 1150 1476 Sole
1178 1390 1419 1496 adhibeatur,
1547 1447 1550 1455 Δ

93 1503 255 1688 propter
288 1495 539 1592 ,Planerarum
575 1491 598 1578 ὲ
636 1499 754 1582 Terra
795 1417 962 1584 visorum
991 1503 1184 1586 Stationes
1213 1503 1253 1582 δι
1282 1502 1421 1600 Retro·

91 1632 165 1722 gra
192 1607 365 1696 ationem
408 1603 587 1717 adestque
612 1608 737 1717 plures
766 1604 969 1694 observare
997 1608 1172 1713 oportuit
1197 1635 1332 1693 eorum
1363 1639 1421 1696 re,

91 1714 365 1813 volutiones,
412 1737 455 1798 ut
489 1741 538 1798 ex
572 1742 684 1800 motu
720 1715 850 1803 medio
886 1720 986 1802 clare
1013 1713 1326 1832 dignoscerentur
1351 1723 1421 1816 Pe-¹

92 1822 211 1914 tiodi.
296 1821 442 1908 Sed&
481 1822 660 1936 cujusque
688 1827 885 1911 revolutio
916 1830 1065 1940 integra
1093 1850 1278 1910 nontam
1308 1824 1422 1912 facile

90 1933 304 2035 innotuit,
350 1960 437 2015 cum
474 1934 559 2042 post
599 1936 785 2044 integrum
829 1935 1113 2021 revolutionem
1150 1961 1231 2018 non
1268 1933 1319 2018 ad
1345 1933 1421 2020 eas-
1575 1999 1578 2004 ·

89 2046 187 2130 dem
218 2045 327 2128 Fixus
354 2042 376 2126 ὲ
400 2047 518 2124 Terra
546 2040 699 2155 spedati
728 2041 921 2144 redirent,
966 2069 1125 2157 propter
1152 2038 1422 2154 observatoris

88 2153 225 2241 sedem
265 2180 346 2236 non
389 2152 429 2234 in
466 2149 606 2236 eodem
642 2154 735 2236 loco
771 2178 972 2264 repertam.
1009 2222 1014 2230 .
1057 2157 1154 2240 Non
1183 2151 1423 2238 obstantibus

88 2261 198 2352 hisce
231 2259 489 2346 incommodis
524 2263 728 2346 Saturnum
760 2259 1044 2347 remotilsrmum
1072 2258 1293 2347 censuerunt
1320 2287 1422 2374 quo7

89 2377 202 2457 niam
230 2367 468 2455 lentissimum
495 2368 863 2480 deprehenderunt,
902 2369 1041 2457 deinde
1067 2373 1208 2480 Jovem
1235 2429 1249 2470 ,
1291 2370 1422 2480 postea

89 2486 268 2565 Martem
303 2540 316 2580 ,
357 2483 398 2562 δι
441 2481 614 2563 omnium
650 2477 806 2563 infinum
839 2483 1000 2565 Lunam.
1076 2485 1143 2565 De
1175 2480 1288 2562 trium
1323 2508 1422 2564 vero

89 2585 379 2703 reliquorum,
423 2589 523 2698 Solis
551 2590 765 2686 nimirum,
815 2591 975 2676 Veneris
1005 2595 1046 2672 δι
1079 2589 1258 2672 Mercurii
1286 2586 1423 2672 ordine
1538 2639 1555 2674 ι

88 2697 345 2827 disputationi
381 2698 488 2780 locus
523 2696 578 2780 est
612 2697 800 2796 relidus,
831 2724 1089 2793 cumeorum
1118 2720 1246 2781 motus
1273 2693 1424 2781 medios
1525 2735 1530 2745 ·
1625 2717 1628 2724 “

87 2837 165 3000 e
179 2833 400 3001 ,retu
439 2804 650 2998 eser
664 2809 856 3004 otum
875 2803 1424 2998 &terrestremve
1506 2904 1509 2912 ¹

84 2945 240 3110 dssirde
276 2941 643 3122 Solempstatuere,
681 3051 723 3109 ut
757 3022 835 3135 ipse
870 2974 983 3103 s'laro
1011 3021 1134 3106 adhuc
1161 3023 1289 3127 junior
1304 2973 1332 3112 s
1359 3024 1424 3106 alii

85 3135 219 3219 Marti
249 3132 467 3246 proximum
496 3135 771 3230 Mercurium,
816 3131 954 3216 deinde
982 3135 1214 3228 Venerem,
1256 3129 1425 3243 indeque

85 3243 233 3332 Solem
276 3235 469 3351 posuere,
523 3265 564 3325 ut
603 3239 862 3352 Porphyriusr
910 3235 1148 3348 Alprrragius
1192 3234 1258 3320 sub
1296 3241 1424 3320 Marte

87 3359 333 3448 Venerem,
375 3344 442 3432 sub
470 3377 549 3462 qua
575 3352 746 3449 Solem,
788 3346 926 3432 deinde
955 3346 1186 3428 Mercurium
1213 3344 1422 3434 statuebats

87 3464 160 3547 alii
208 3461 328 3542 Marti
370 3461 587 3568 proximum
631 3459 762 3541 Solem
793 3513 807 3554 ,
869 3455 957 3538 huic
999 3458 1234 3568 Venerem,
1286 3451 1425 3538 deinde

86 3569 370 3665 Mercurium,
413 3593 457 3651 ut
492 3563 569 3676 ipse
607 3566 848 3663 Prolemaur,
891 3561 1095 3676 quomodo
1130 3564 1199 3646 Sol
1225 3563 1266 3645 in
1294 3561 1425 3645 medio

86 3683 344 3766 Planetaruru
380 3675 684 3766 numerabatur3
728 3677 904 3786 (quippe
948 3672 1008 3756 cui
1035 3675 1234 3770 Sturnos,
1279 3672 1426 3780 Jupiter
1539 3719 1545 3728 ·

88 3797 136 3874 ec
185 3787 291 3868 Mars
336 3779 420 3868 sunt
460 3780 666 3895 superiores
710 3788 749 3866 δε
785 3787 961 3880 Venus,
1010 3782 1218 3864 Mercurius
1245 3808 1290 3864 ac
1317 3780 1426 3863 Luna

87 3895 359 3992 inferioress)
389 3891 499 4004 quod
528 3891 577 3976 ab
606 3887 859 4004 antiquissimo
889 3896 929 3974 δι
967 3917 1063 3975 vero
1091 3889 1339 4079 Spstemare,
1385 3886 1426 3966 in
1482 3980 1486 3988 .

86 4035 184 4122 quo
204 4003 289 4088 ,Sol
326 4003 364 4084 in
404 4003 645 4085 Planetarum
673 3997 803 4084 medio
841 3995 980 4083 versari
1011 3995 1117 4108 perhi
1146 4023 1267 4094 etur,
1310 3993 1425 4078 etiam
1484 4089 1487 4096 .

87 4143 183 4203 tum
215 4112 399 4220 temporis
442 4107 602 4212 (saltem
630 4108 778 4194 verbo·
793 4110 933 4204 tenus)
971 4109 1039 4191 vix
1072 4105 1276 4203 extindo,
1317 4101 1426 4226 mini3

89 4253 160 4312 me
211 4218 423 4302 abhorruit.
509 4218 589 4302 Alii
622 4219 772 4303 interim
803 4247 850 4301 ex
898 4214 1114 4330 aequalitate
1153 4213 1280 4296 motuis
1310 4205 1427 4292 medii

91 4337 224 4421 trium
264 4327 418 4412 istorum
454 4326 686 4432 Syderum,
731 4331 922 4413 Venerem
959 4329 998 4406 δι
1035 4323 1266 4406 Mercurium
1295 4319 1427 4414 Solem

154 4429 559 4544 GregoriAstr.Tom.
579 4435 632 4518 II.
921 4436 1021 4516 Mm
1271 4429 1428 4512 circum·

1117 4573 1168 4630 ὸ
