<?xml version="1.0" encoding="UTF-8"?>
<!DOCTYPE html PUBLIC "-//W3C//DTD XHTML 1.0 Transitional//EN"
    "http://www.w3.org/TR/xhtml1/DTD/xhtml1-transitional.dtd">
<html xmlns="http://www.w3.org/1999/xhtml" xml:lang="en" lang="en">
 <head>
  <title>
</title>
<meta http-equiv="Content-Type" content="text/html;charset=utf-8" />
  <meta name='ocr-system' content='tesseract 3.04.00' />
  <meta name='ocr-capabilities' content='ocr_page ocr_carea ocr_par ocr_line ocrx_word'/>
</head>
<body>
  <div class='ocr_page' id='page_1' title='image "./davidisgregorii00huargoog_0420.png"; bbox 0 0 4346 5676; ppageno 0'>
   <div class='ocr_carea' id='block_1_1' title="bbox 750 637 904 756">
    <p class='ocr_par' dir='ltr' id='par_1_1' title="bbox 750 637 904 756">
     <span class='ocr_line' id='line_1_1' title="bbox 750 637 904 756; baseline 0.013 -3"><span class='ocrx_word' id='word_1_1' title='bbox 750 637 904 756; x_wconf 76' lang='lat'>(13)</span> 
     </span>
    </p>
   </div>
   <div class='ocr_carea' id='block_1_2' title="bbox 62 765 1574 4204">
    <p class='ocr_par' dir='ltr' id='par_1_2' title="bbox 151 765 1497 1364">
     <span class='ocr_line' id='line_1_2' title="bbox 173 765 1491 902; baseline 0.008 -32"><span class='ocrx_word' id='word_1_2' title='bbox 173 781 302 885; x_wconf 70' lang='lat' dir='ltr'>buti,</span> <span class='ocrx_word' id='word_1_3' title='bbox 351 781 505 900; x_wconf 84' lang='lat' dir='ltr'>lingulis</span> <span class='ocrx_word' id='word_1_4' title='bbox 536 765 673 872; x_wconf 88' lang='lat' dir='ltr'>diebus</span> <span class='ocrx_word' id='word_1_5' title='bbox 707 813 947 902; x_wconf 87' lang='lat' dir='ltr'>compemnt.</span> <span class='ocrx_word' id='word_1_6' title='bbox 976 773 1172 899; x_wconf 83' lang='lat' dir='ltr'>particula</span> <span class='ocrx_word' id='word_1_7' title='bbox 1207 813 1267 893; x_wconf 88' lang='lat'>0,</span> <span class='ocrx_word' id='word_1_8' title='bbox 1307 813 1491 899; x_wconf 75' lang='lat'>912280.</span> 
     </span>
     <span class='ocr_line' id='line_1_3' title="bbox 174 899 1493 1020; baseline 0.011 -36"><span class='ocrx_word' id='word_1_9' title='bbox 174 899 301 1006; x_wconf 86' lang='lat' dir='ltr'>Cujus</span> <span class='ocrx_word' id='word_1_10' title='bbox 326 901 596 1014; x_wconf 84' lang='lat' dir='ltr'>Logaritbrnus</span> <span class='ocrx_word' id='word_1_11' title='bbox 629 920 771 1015; x_wconf 87' lang='lat' dir='ltr'>nempe</span> <span class='ocrx_word' id='word_1_12' title='bbox 799 923 857 1004; x_wconf 81' lang='lat'>9,</span> <span class='ocrx_word' id='word_1_13' title='bbox 878 915 1046 1005; x_wconf 83' lang='lat'>960128</span> <span class='ocrx_word' id='word_1_14' title='bbox 1074 907 1361 1020; x_wconf 86' lang='lat' dir='ltr'>inperpetuum</span> <span class='ocrx_word' id='word_1_15' title='bbox 1386 915 1493 998; x_wconf 90' lang='lat' dir='ltr'>ulum</span> 
     </span>
     <span class='ocr_line' id='line_1_4' title="bbox 151 1010 1494 1129; baseline 0.009 -31"><span class='ocrx_word' id='word_1_16' title='bbox 151 1010 386 1099; x_wconf 80' lang='lat' dir='ltr'>&#39;servandus</span> <span class='ocrx_word' id='word_1_17' title='bbox 419 1017 485 1099; x_wconf 87' lang='lat' dir='ltr'>est.</span> <span class='ocrx_word' id='word_1_18' title='bbox 544 1021 743 1128; x_wconf 82' lang='lat' dir='ltr'>Tempora</span> <span class='ocrx_word' id='word_1_19' title='bbox 761 1039 932 1116; x_wconf 81' lang='lat' dir='ltr'>autem,</span> <span class='ocrx_word' id='word_1_20' title='bbox 970 1018 1112 1129; x_wconf 90' lang='lat' dir='ltr'>quibus</span> <span class='ocrx_word' id='word_1_21' title='bbox 1146 1022 1319 1108; x_wconf 85' lang='lat' dir='ltr'>Cometa</span> <span class='ocrx_word' id='word_1_22' title='bbox 1355 1027 1393 1108; x_wconf 97' lang='lat' dir='ltr'>in</span> <span class='ocrx_word' id='word_1_23' title='bbox 1426 1024 1494 1111; x_wconf 89' lang='lat' dir='ltr'>dis·</span> 
     </span>
     <span class='ocr_line' id='line_1_5' title="bbox 173 1129 1497 1239; baseline 0.011 -29"><span class='ocrx_word' id='word_1_24' title='bbox 173 1129 295 1214; x_wconf 86' lang='lat' dir='ltr'>tantia</span> <span class='ocrx_word' id='word_1_25' title='bbox 313 1131 462 1232; x_wconf 87' lang='lat' dir='ltr'>majore</span> <span class='ocrx_word' id='word_1_26' title='bbox 496 1130 562 1216; x_wconf 87' lang='lat' dir='ltr'>vel</span> <span class='ocrx_word' id='word_1_27' title='bbox 592 1129 745 1218; x_wconf 87' lang='lat' dir='ltr'>minore</span> <span class='ocrx_word' id='word_1_28' title='bbox 781 1131 1032 1237; x_wconf 81' lang='lat' dir='ltr'>Quadrantes</span> <span class='ocrx_word' id='word_1_29' title='bbox 1058 1129 1195 1218; x_wconf 85' lang='lat' dir='ltr'>fimiles</span> <span class='ocrx_word' id='word_1_30' title='bbox 1229 1133 1462 1226; x_wconf 82' lang='lat' dir='ltr'>describeret</span> <span class='ocrx_word' id='word_1_31' title='bbox 1477 1195 1497 1239; x_wconf 85' lang='lat'>,·</span> 
     </span>
     <span class='ocr_line' id='line_1_6' title="bbox 175 1237 1492 1364; baseline 0.002 -38"><span class='ocrx_word' id='word_1_32' title='bbox 175 1237 262 1328; x_wconf 91' lang='lat' dir='ltr'>sunt</span> <span class='ocrx_word' id='word_1_33' title='bbox 297 1266 341 1327; x_wconf 94' lang='lat' dir='ltr'>ut</span> <span class='ocrx_word' id='word_1_34' title='bbox 376 1243 664 1328; x_wconf 88' lang='lat' dir='ltr'>Revolutiones</span> <span class='ocrx_word' id='word_1_35' title='bbox 696 1244 735 1326; x_wconf 93' lang='lat' dir='ltr'>in</span> <span class='ocrx_word' id='word_1_36' title='bbox 767 1243 963 1336; x_wconf 79' lang='lat' dir='ltr'>Circuliss</span> <span class='ocrx_word' id='word_1_37' title='bbox 995 1244 1074 1329; x_wconf 88' lang='lat' dir='ltr'>hoc</span> <span class='ocrx_word' id='word_1_38' title='bbox 1094 1245 1148 1329; x_wconf 90' lang='lat' dir='ltr'>est</span> <span class='ocrx_word' id='word_1_39' title='bbox 1177 1247 1217 1329; x_wconf 93' lang='lat' dir='ltr'>in</span> <span class='ocrx_word' id='word_1_40' title='bbox 1252 1247 1492 1364; x_wconf 86' lang='lat' dir='ltr'>sesquiplica.</span> 
     </span>
    </p>

    <p class='ocr_par' dir='ltr' id='par_1_3' title="bbox 62 1341 1574 4204">
     <span class='ocr_line' id='line_1_7' title="bbox 62 1341 1492 1475; baseline 0.001 -35"><span class='ocrx_word' id='word_1_41' title='bbox 62 1341 80 1372; x_wconf 71' lang='lat'>⁸</span> <span class='ocrx_word' id='word_1_42' title='bbox 175 1379 217 1440; x_wconf 89' lang='lat' dir='ltr'>ta</span> <span class='ocrx_word' id='word_1_43' title='bbox 252 1359 404 1445; x_wconf 89' lang='lat' dir='ltr'>ratione</span> <span class='ocrx_word' id='word_1_44' title='bbox 438 1356 725 1442; x_wconf 86' lang='lat' dir='ltr'>distantiarum:</span> <span class='ocrx_word' id='word_1_45' title='bbox 763 1357 944 1470; x_wconf 83' lang='lat' dir='ltr'>adeoque</span> <span class='ocrx_word' id='word_1_46' title='bbox 983 1382 1078 1442; x_wconf 84' lang='lat' dir='ltr'>areae</span> <span class='ocrx_word' id='word_1_47' title='bbox 1119 1359 1273 1446; x_wconf 82' lang='lat' dir='ltr'>diurna·</span> <span class='ocrx_word' id='word_1_48' title='bbox 1300 1365 1341 1445; x_wconf 94' lang='lat' dir='ltr'>in</span> <span class='ocrx_word' id='word_1_49' title='bbox 1376 1367 1492 1475; x_wconf 86' lang='lat' dir='ltr'>parti.</span> 
     </span>
     <span class='ocr_line' id='line_1_8' title="bbox 175 1467 1493 1586; baseline 0.007 -32"><span class='ocrx_word' id='word_1_50' title='bbox 175 1469 250 1555; x_wconf 91' lang='lat' dir='ltr'>bus</span> <span class='ocrx_word' id='word_1_51' title='bbox 284 1467 498 1556; x_wconf 88' lang='lat' dir='ltr'>ceirtesrmis</span> <span class='ocrx_word' id='word_1_52' title='bbox 534 1470 773 1581; x_wconf 79' lang='lat' dir='ltr'>Qradrantis</span> <span class='ocrx_word' id='word_1_53' title='bbox 805 1473 991 1556; x_wconf 86' lang='lat' dir='ltr'>aellimarae</span> <span class='ocrx_word' id='word_1_54' title='bbox 1027 1471 1046 1579; x_wconf 90' lang='lat'>(</span> <span class='ocrx_word' id='word_1_55' title='bbox 1076 1499 1173 1586; x_wconf 87' lang='lat' dir='ltr'>quas</span> <span class='ocrx_word' id='word_1_56' title='bbox 1207 1476 1324 1562; x_wconf 87' lang='lat' dir='ltr'>medii</span> <span class='ocrx_word' id='word_1_57' title='bbox 1355 1481 1493 1573; x_wconf 83' lang='lat' dir='ltr'>Motus</span> 
     </span>
     <span class='ocr_line' id='line_1_9' title="bbox 174 1579 1491 1704; baseline 0.009 -37"><span class='ocrx_word' id='word_1_58' title='bbox 174 1579 399 1685; x_wconf 86' lang='lat' dir='ltr'>mensuras,</span> <span class='ocrx_word' id='word_1_59' title='bbox 439 1587 551 1668; x_wconf 86' lang='lat' dir='ltr'>instar</span> <span class='ocrx_word' id='word_1_60' title='bbox 601 1583 827 1682; x_wconf 87' lang='lat' dir='ltr'>Graduum‚</span> <span class='ocrx_word' id='word_1_61' title='bbox 871 1588 1053 1696; x_wconf 90' lang='lat' dir='ltr'>ponimus</span> <span class='ocrx_word' id='word_1_62' title='bbox 1088 1604 1106 1692; x_wconf 87' lang='lat'><strong>)</strong></span> <span class='ocrx_word' id='word_1_63' title='bbox 1140 1584 1227 1672; x_wconf 92' lang='lat' dir='ltr'>sunt</span> <span class='ocrx_word' id='word_1_64' title='bbox 1264 1592 1303 1672; x_wconf 91' lang='lat' dir='ltr'>in</span> <span class='ocrx_word' id='word_1_65' title='bbox 1337 1591 1491 1704; x_wconf 75' lang='lat' dir='ltr'>fingulb</span> 
     </span>
     <span class='ocr_line' id='line_1_10' title="bbox 174 1693 1486 1812; baseline -0.001 -29"><span class='ocrx_word' id='word_1_66' title='bbox 174 1697 216 1783; x_wconf 91' lang='lat' dir='ltr'>in</span> <span class='ocrx_word' id='word_1_67' title='bbox 236 1693 564 1812; x_wconf 82' lang='lat' dir='ltr'>.subsesquialtera</span> <span class='ocrx_word' id='word_1_68' title='bbox 598 1695 750 1783; x_wconf 91' lang='lat' dir='ltr'>ratione</span> <span class='ocrx_word' id='word_1_69' title='bbox 787 1699 973 1783; x_wconf 87' lang='lat' dir='ltr'>dillantiae</span> <span class='ocrx_word' id='word_1_70' title='bbox 1002 1699 1198 1786; x_wconf 86' lang='lat' dir='ltr'>Peribeliae</span> <span class='ocrx_word' id='word_1_71' title='bbox 1226 1697 1249 1785; x_wconf 80' lang='lat' dir='ltr'>ai</span> <span class='ocrx_word' id='word_1_72' title='bbox 1276 1705 1404 1789; x_wconf 88' lang='lat' dir='ltr'>Sole.·</span> <span class='ocrx_word' id='word_1_73' title='bbox 1484 1777 1486 1782; x_wconf 86' lang='lat'><em>.</em></span> 
     </span>
     <span class='ocr_line' id='line_1_11' title="bbox 231 1807 1496 2008; baseline 0.008 -112"><span class='ocrx_word' id='word_1_74' title='bbox 231 1811 304 1898; x_wconf 92' lang='lat' dir='ltr'>His</span> <span class='ocrx_word' id='word_1_75' title='bbox 330 1807 538 1898; x_wconf 85' lang='lat' dir='ltr'>necellario</span> <span class='ocrx_word' id='word_1_76' title='bbox 567 1809 756 1924; x_wconf 79' lang='lat' dir='ltr'>pramillis</span> <span class='ocrx_word' id='word_1_77' title='bbox 774 1837 1031 2008; x_wconf 71' lang='lat' dir='ltr'>proponatur</span> <span class='ocrx_word' id='word_1_78' title='bbox 1061 1815 1219 1920; x_wconf 86' lang='lat' dir='ltr'>alicujus</span> <span class='ocrx_word' id='word_1_79' title='bbox 1249 1814 1271 1900; x_wconf 80' lang='grc' dir='ltr'>ὲ</span> <span class='ocrx_word' id='word_1_80' title='bbox 1308 1818 1496 1906; x_wconf 76' lang='lat' dir='ltr'>Cometis</span> 
     </span>
     <span class='ocr_line' id='line_1_12' title="bbox 174 1922 1492 2042; baseline 0.004 -29"><span class='ocrx_word' id='word_1_81' title='bbox 174 1928 313 2013; x_wconf 89' lang='lat' dir='ltr'>nostris</span> <span class='ocrx_word' id='word_1_82' title='bbox 342 1931 491 2012; x_wconf 89' lang='lat' dir='ltr'>Locum</span> <span class='ocrx_word' id='word_1_83' title='bbox 529 1924 651 2010; x_wconf 91' lang='lat' dir='ltr'>visum</span> <span class='ocrx_word' id='word_1_84' title='bbox 686 1926 737 2010; x_wconf 92' lang='lat' dir='ltr'>ad</span> <span class='ocrx_word' id='word_1_85' title='bbox 803 1949 908 2010; x_wconf 89' lang='lat' dir='ltr'>atum</span> <span class='ocrx_word' id='word_1_86' title='bbox 948 1950 1102 2038; x_wconf 88' lang='lat' dir='ltr'>tempus</span> <span class='ocrx_word' id='word_1_87' title='bbox 1137 1922 1353 2042; x_wconf 88' lang='lat' dir='ltr'>supputare.</span> <span class='ocrx_word' id='word_1_88' title='bbox 1412 1935 1492 2018; x_wconf 89' lang='lat' dir='ltr'>Pri·</span> 
     </span>
     <span class='ocr_line' id='line_1_13' title="bbox 174 2037 1490 2156; baseline 0.002 -30"><span class='ocrx_word' id='word_1_89' title='bbox 174 2064 282 2126; x_wconf 93' lang='lat' dir='ltr'>mum</span> <span class='ocrx_word' id='word_1_90' title='bbox 319 2041 451 2154; x_wconf 89' lang='lat' dir='ltr'>itaque</span> <span class='ocrx_word' id='word_1_91' title='bbox 475 2041 576 2124; x_wconf 88' lang='lat' dir='ltr'>Solis</span> <span class='ocrx_word' id='word_1_92' title='bbox 606 2041 735 2126; x_wconf 87' lang='lat' dir='ltr'>Locus</span> <span class='ocrx_word' id='word_1_93' title='bbox 758 2040 808 2124; x_wconf 90' lang='lat' dir='ltr'>ab</span> <span class='ocrx_word' id='word_1_94' title='bbox 845 2037 1108 2151; x_wconf 67' lang='lat' dir='ltr'>ffiquinouio</span> <span class='ocrx_word' id='word_1_95' title='bbox 1134 2041 1174 2122; x_wconf 89' lang='lat' dir='ltr'>in</span> <span class='ocrx_word' id='word_1_96' title='bbox 1203 2069 1387 2156; x_wconf 90' lang='lat' dir='ltr'>promptu</span> <span class='ocrx_word' id='word_1_97' title='bbox 1419 2043 1490 2146; x_wconf 85' lang='lat' dir='ltr'>fit,</span> 
     </span>
     <span class='ocr_line' id='line_1_14' title="bbox 174 2149 1493 2271; baseline 0.005 -33"><span class='ocrx_word' id='word_1_98' title='bbox 174 2149 425 2270; x_wconf 76' lang='lat' dir='ltr'>ejusdemque</span> <span class='ocrx_word' id='word_1_99' title='bbox 462 2154 646 2244; x_wconf 74' lang='lat' dir='ltr'>distantia</span> <span class='ocrx_word' id='word_1_100' title='bbox 685 2149 857 2242; x_wconf 73' lang='lat' dir='ltr'>i‘l&#39;erri</span> <span class='ocrx_word' id='word_1_101' title='bbox 890 2149 1175 2266; x_wconf 69' lang='lat' dir='ltr'>Logaritlrmus.⁴</span> <span class='ocrx_word' id='word_1_102' title='bbox 1208 2160 1272 2244; x_wconf 69' lang='lat'>292-</span> <span class='ocrx_word' id='word_1_103' title='bbox 1300 2159 1493 2271; x_wconf 84' lang='lat' dir='ltr'>Capiarur</span> 
     </span>
     <span class='ocr_line' id='line_1_15' title="bbox 176 2267 1493 2388; baseline 0.005 -36"><span class='ocrx_word' id='word_1_104' title='bbox 176 2268 426 2354; x_wconf 88' lang='lat' dir='ltr'>intervallum</span> <span class='ocrx_word' id='word_1_105' title='bbox 466 2270 672 2384; x_wconf 87' lang='lat' dir='ltr'>Temporis</span> <span class='ocrx_word' id='word_1_106' title='bbox 701 2269 801 2354; x_wconf 91' lang='lat' dir='ltr'>inter</span> <span class='ocrx_word' id='word_1_107' title='bbox 836 2275 1006 2381; x_wconf 83' lang='lat' dir='ltr'>Tempus</span> <span class='ocrx_word' id='word_1_108' title='bbox 1042 2267 1220 2352; x_wconf 83' lang='lat' dir='ltr'>Perihelii</span> <span class='ocrx_word' id='word_1_109' title='bbox 1250 2275 1493 2388; x_wconf 84' lang='lat' dir='ltr'>&amp;Tempus</span> 
     </span>
     <span class='ocr_line' id='line_1_16' title="bbox 176 2373 1497 2498; baseline 0.005 -31"><span class='ocrx_word' id='word_1_110' title='bbox 176 2383 342 2481; x_wconf 86' lang='lat' dir='ltr'>datum,</span> <span class='ocrx_word' id='word_1_111' title='bbox 384 2386 425 2468; x_wconf 90' lang='lat' dir='ltr'>in</span> <span class='ocrx_word' id='word_1_112' title='bbox 466 2379 608 2469; x_wconf 86' lang='lat' dir='ltr'>diebus</span> <span class='ocrx_word' id='word_1_113' title='bbox 654 2377 903 2498; x_wconf 87' lang='lat' dir='ltr'>partibusque</span> <span class='ocrx_word' id='word_1_114' title='bbox 933 2379 1011 2464; x_wconf 91' lang='lat' dir='ltr'>diei</span> <span class='ocrx_word' id='word_1_115' title='bbox 1036 2380 1303 2468; x_wconf 85' lang='lat' dir='ltr'>decimalibus.</span> <span class='ocrx_word' id='word_1_116' title='bbox 1363 2373 1497 2494; x_wconf 71' lang='lat' dir='ltr'>Hujus</span> 
     </span>
     <span class='ocr_line' id='line_1_17' title="bbox 176 2495 1488 2610; baseline 0.006 -29"><span class='ocrx_word' id='word_1_117' title='bbox 176 2513 329 2585; x_wconf 88' lang='lat' dir='ltr'>numerl</span> <span class='ocrx_word' id='word_1_118' title='bbox 340 2498 593 2610; x_wconf 86' lang='lat' dir='ltr'>Logarithmo</span> <span class='ocrx_word' id='word_1_119' title='bbox 609 2495 775 2583; x_wconf 83' lang='lat' dir='ltr'>addatur</span> <span class='ocrx_word' id='word_1_120' title='bbox 792 2495 1063 2609; x_wconf 84' lang='lat' dir='ltr'>Logarithmus</span> <span class='ocrx_word' id='word_1_121' title='bbox 1079 2497 1257 2581; x_wconf 73' lang='lat' dir='ltr'>conflans</span> <span class='ocrx_word' id='word_1_122' title='bbox 1272 2513 1488 2602; x_wconf 76' lang='lat'>9‚960128</span> 
     </span>
     <span class='ocr_line' id='line_1_18' title="bbox 176 2605 1489 2726; baseline 0.003 -30"><span class='ocrx_word' id='word_1_123' title='bbox 176 2637 223 2698; x_wconf 87' lang='lat' dir='ltr'>ac</span> <span class='ocrx_word' id='word_1_124' title='bbox 254 2613 586 2726; x_wconf 86' lang='lat' dir='ltr'>complementum</span> <span class='ocrx_word' id='word_1_125' title='bbox 617 2612 902 2698; x_wconf 88' lang='lat' dir='ltr'>arithmeticum</span> <span class='ocrx_word' id='word_1_126' title='bbox 934 2605 1210 2720; x_wconf 86' lang='lat' dir='ltr'>sesquialterius</span> <span class='ocrx_word' id='word_1_127' title='bbox 1245 2614 1489 2726; x_wconf 81' lang='lat' dir='ltr'>Logarithmi</span> 
     </span>
     <span class='ocr_line' id='line_1_19' title="bbox 177 2720 1490 2836; baseline 0.003 -26"><span class='ocrx_word' id='word_1_128' title='bbox 177 2723 363 2812; x_wconf 82' lang='lat' dir='ltr'>distantiat</span> <span class='ocrx_word' id='word_1_129' title='bbox 394 2725 590 2812; x_wconf 83' lang='lat' dir='ltr'>Periheliae</span> <span class='ocrx_word' id='word_1_130' title='bbox 614 2724 774 2812; x_wconf 74' lang='lat' dir='ltr'>isole:</span> <span class='ocrx_word' id='word_1_131' title='bbox 811 2720 955 2808; x_wconf 89' lang='lat' dir='ltr'>summa</span> <span class='ocrx_word' id='word_1_132' title='bbox 993 2723 1264 2836; x_wconf 82' lang='lat' dir='ltr'>Logarithmus</span> <span class='ocrx_word' id='word_1_133' title='bbox 1289 2726 1363 2811; x_wconf 88' lang='lat' dir='ltr'>erit</span> <span class='ocrx_word' id='word_1_134' title='bbox 1398 2731 1490 2814; x_wconf 90' lang='grc' dir='ltr'>Μο-</span> 
     </span>
     <span class='ocr_line' id='line_1_20' title="bbox 176 2837 1488 2956; baseline -0.002 -26"><span class='ocrx_word' id='word_1_135' title='bbox 176 2837 240 2930; x_wconf 70' lang='lat' dir='ltr'>tiis</span> <span class='ocrx_word' id='word_1_136' title='bbox 263 2839 382 2926; x_wconf 91' lang='lat' dir='ltr'>medii</span> <span class='ocrx_word' id='word_1_137' title='bbox 405 2839 446 2925; x_wconf 88' lang='lat' dir='ltr'>in</span> <span class='ocrx_word' id='word_1_138' title='bbox 473 2839 595 2954; x_wconf 92' lang='lat' dir='ltr'>prima</span> <span class='ocrx_word' id='word_1_139' title='bbox 625 2842 824 2926; x_wconf 87' lang='lat' dir='ltr'>Columna</span> <span class='ocrx_word' id='word_1_140' title='bbox 854 2837 1013 2923; x_wconf 76' lang='lat' dir='ltr'>Tabula</span> <span class='ocrx_word' id='word_1_141' title='bbox 1038 2837 1243 2925; x_wconf 86' lang='lat' dir='ltr'>Generalis</span> <span class='ocrx_word' id='word_1_142' title='bbox 1275 2841 1488 2956; x_wconf 83' lang='lat' dir='ltr'>quarendi.</span> 
     </span>
     <span class='ocr_line' id='line_1_21' title="bbox 177 2949 1489 3068; baseline 0.002 -26"><span class='ocrx_word' id='word_1_143' title='bbox 177 2959 235 3057; x_wconf 83' lang='lat'>3⁰·</span> <span class='ocrx_word' id='word_1_144' title='bbox 293 2955 400 3042; x_wconf 91' lang='lat' dir='ltr'>Cum</span> <span class='ocrx_word' id='word_1_145' title='bbox 425 2979 537 3040; x_wconf 91' lang='lat' dir='ltr'>motu</span> <span class='ocrx_word' id='word_1_146' title='bbox 570 2955 703 3040; x_wconf 89' lang='lat' dir='ltr'>medio</span> <span class='ocrx_word' id='word_1_147' title='bbox 733 2955 905 3066; x_wconf 86' lang='lat' dir='ltr'>capiatur</span> <span class='ocrx_word' id='word_1_148' title='bbox 929 2953 970 3035; x_wconf 94' lang='lat' dir='ltr'>in</span> <span class='ocrx_word' id='word_1_149' title='bbox 999 2949 1158 3039; x_wconf 66' lang='lat' dir='ltr'>Tabula</span> <span class='ocrx_word' id='word_1_150' title='bbox 1180 2951 1489 3068; x_wconf 86' lang='lat' dir='ltr'>correspondens</span> 
     </span>
     <span class='ocr_line' id='line_1_22' title="bbox 177 3066 1492 3269; baseline 0.002 -2"><span class='ocrx_word' id='word_1_151' title='bbox 177 3069 343 3267; x_wconf 71' lang='lat' dir='ltr'>ruls</span> <span class='ocrx_word' id='word_1_152' title='bbox 360 3066 400 3268; x_wconf 76' lang='lat' dir='ltr'>l</span> <span class='ocrx_word' id='word_1_153' title='bbox 420 3067 1023 3268; x_wconf 67' lang='lat' dir='ltr'>ltuslsspsuuu</span> <span class='ocrx_word' id='word_1_154' title='bbox 1045 3066 1492 3269; x_wconf 65' lang='lat' dir='ltr'>ruspulnp</span> 
     </span>
     <span class='ocr_line' id='line_1_23' title="bbox 179 3208 1574 3410; baseline 0.001 -28"><span class='ocrx_word' id='word_1_155' title='bbox 179 3293 207 3382; x_wconf 85' lang='lat' dir='ltr'>sr</span> <span class='ocrx_word' id='word_1_156' title='bbox 238 3291 355 3381; x_wconf 83' lang='lat' dir='ltr'>fuerit</span> <span class='ocrx_word' id='word_1_157' title='bbox 382 3301 554 3410; x_wconf 86' lang='lat' dir='ltr'>Tempus</span> <span class='ocrx_word' id='word_1_158' title='bbox 587 3297 673 3410; x_wconf 87' lang='lat' dir='ltr'>poll</span> <span class='ocrx_word' id='word_1_159' title='bbox 700 3238 953 3384; x_wconf 75' lang='lat' dir='ltr'>Perihelium&#39;s</span> <span class='ocrx_word' id='word_1_160' title='bbox 975 3294 1042 3378; x_wconf 83' lang='lat' dir='ltr'>vel</span> <span class='ocrx_word' id='word_1_161' title='bbox 1072 3293 1113 3374; x_wconf 94' lang='lat' dir='ltr'>in</span> <span class='ocrx_word' id='word_1_162' title='bbox 1145 3208 1312 3379; x_wconf 63' lang='lat' dir='ltr'>Dgireffls</span> <span class='ocrx_word' id='word_1_163' title='bbox 1343 3241 1494 3382; x_wconf 63' lang='lat' dir='ltr'>subdu}</span> <span class='ocrx_word' id='word_1_164' title='bbox 1570 3335 1574 3346; x_wconf 94' lang='lat'>·</span> 
     </span>
     <span class='ocr_line' id='line_1_24' title="bbox 177 3405 1490 3524; baseline -0.008 -30"><span class='ocrx_word' id='word_1_165' title='bbox 177 3413 220 3494; x_wconf 75' lang='lat' dir='ltr'>u</span> <span class='ocrx_word' id='word_1_166' title='bbox 245 3410 285 3492; x_wconf 94' lang='lat' dir='ltr'>in</span> <span class='ocrx_word' id='word_1_167' title='bbox 311 3407 562 3524; x_wconf 87' lang='lat' dir='ltr'>Retrogradis</span> <span class='ocrx_word' id='word_1_168' title='bbox 591 3407 725 3509; x_wconf 87' lang='lat' dir='ltr'>addc,</span> <span class='ocrx_word' id='word_1_169' title='bbox 763 3405 927 3494; x_wconf 77' lang='lat' dir='ltr'>siluerit</span> <span class='ocrx_word' id='word_1_170' title='bbox 954 3430 1047 3492; x_wconf 89' lang='lat' dir='ltr'>anre</span> <span class='ocrx_word' id='word_1_171' title='bbox 1082 3407 1334 3506; x_wconf 87' lang='lat' dir='ltr'>Perihelium,</span> <span class='ocrx_word' id='word_1_172' title='bbox 1370 3435 1490 3522; x_wconf 75' lang='lat' dir='ltr'>angu-</span> 
     </span>
     <span class='ocr_line' id='line_1_25' title="bbox 178 3518 1489 3616; baseline -0.001 -6"><span class='ocrx_word' id='word_1_173' title='bbox 178 3525 259 3610; x_wconf 92' lang='lat' dir='ltr'>lum</span> <span class='ocrx_word' id='word_1_174' title='bbox 299 3521 349 3609; x_wconf 82' lang='lat' dir='ltr'>fic</span> <span class='ocrx_word' id='word_1_175' title='bbox 388 3525 594 3610; x_wconf 88' lang='lat' dir='ltr'>inventum</span> <span class='ocrx_word' id='word_1_176' title='bbox 630 3522 655 3608; x_wconf 80' lang='lat' dir='ltr'>al</span> <span class='ocrx_word' id='word_1_177' title='bbox 693 3523 787 3610; x_wconf 89' lang='lat' dir='ltr'>loco</span> <span class='ocrx_word' id='word_1_178' title='bbox 822 3521 888 3606; x_wconf 90' lang='lat' dir='ltr'>vel</span> <span class='ocrx_word' id='word_1_179' title='bbox 925 3518 975 3606; x_wconf 90' lang='lat' dir='ltr'>ad</span> <span class='ocrx_word' id='word_1_180' title='bbox 1011 3522 1147 3616; x_wconf 72' lang='lat' dir='ltr'>‚lotum</span> <span class='ocrx_word' id='word_1_181' title='bbox 1189 3521 1380 3608; x_wconf 86' lang='lat' dir='ltr'>Perihclii.</span> <span class='ocrx_word' id='word_1_182' title='bbox 1438 3525 1489 3609; x_wconf 88' lang='lat' dir='ltr'>Et</span> 
     </span>
     <span class='ocr_line' id='line_1_26' title="bbox 180 3632 1489 3752; baseline -0.001 -28"><span class='ocrx_word' id='word_1_183' title='bbox 180 3638 389 3750; x_wconf 83' lang='lat' dir='ltr'>habebitur</span> <span class='ocrx_word' id='word_1_184' title='bbox 416 3643 546 3727; x_wconf 88' lang='lat' dir='ltr'>Locus</span> <span class='ocrx_word' id='word_1_185' title='bbox 563 3639 751 3726; x_wconf 81' lang='lat' dir='ltr'>Cometa</span> <span class='ocrx_word' id='word_1_186' title='bbox 778 3637 817 3720; x_wconf 95' lang='lat' dir='ltr'>in</span> <span class='ocrx_word' id='word_1_187' title='bbox 836 3632 964 3720; x_wconf 83' lang='lat' dir='ltr'>orbiral</span> <span class='ocrx_word' id='word_1_188' title='bbox 991 3633 1173 3749; x_wconf 83' lang='lat' dir='ltr'>proprii:</span> <span class='ocrx_word' id='word_1_189' title='bbox 1212 3637 1261 3720; x_wconf 83' lang='lat' dir='ltr'>Ft</span> <span class='ocrx_word' id='word_1_190' title='bbox 1287 3636 1337 3720; x_wconf 86' lang='lat' dir='ltr'>ad</span> <span class='ocrx_word' id='word_1_191' title='bbox 1367 3638 1489 3752; x_wconf 86' lang='lat' dir='ltr'>Loga-</span> 
     </span>
     <span class='ocr_line' id='line_1_27' title="bbox 180 3749 1488 3867; baseline 0 -31"><span class='ocrx_word' id='word_1_192' title='bbox 180 3751 362 3839; x_wconf 90' lang='lat' dir='ltr'>rithmum</span> <span class='ocrx_word' id='word_1_193' title='bbox 398 3782 470 3867; x_wconf 90' lang='lat' dir='ltr'>pro</span> <span class='ocrx_word' id='word_1_194' title='bbox 506 3749 698 3838; x_wconf 75' lang='lat' dir='ltr'>Distantid</span> <span class='ocrx_word' id='word_1_195' title='bbox 736 3751 885 3839; x_wconf 88' lang='lat' dir='ltr'>ibidem</span> <span class='ocrx_word' id='word_1_196' title='bbox 919 3753 1123 3835; x_wconf 83' lang='lat' dir='ltr'>inventum</span> <span class='ocrx_word' id='word_1_197' title='bbox 1155 3749 1322 3835; x_wconf 89' lang='lat' dir='ltr'>addatur</span> <span class='ocrx_word' id='word_1_198' title='bbox 1347 3751 1488 3865; x_wconf 88' lang='lat' dir='ltr'>logati-</span> 
     </span>
     <span class='ocr_line' id='line_1_28' title="bbox 181 3861 1489 3978; baseline 0 -28"><span class='ocrx_word' id='word_1_199' title='bbox 181 3865 310 3952; x_wconf 89' lang='lat' dir='ltr'>tbmus</span> <span class='ocrx_word' id='word_1_200' title='bbox 340 3868 525 3952; x_wconf 80' lang='lat' dir='ltr'>distantia</span> <span class='ocrx_word' id='word_1_201' title='bbox 560 3867 781 3965; x_wconf 83' lang='lat' dir='ltr'>Perihelia‚</span> <span class='ocrx_word' id='word_1_202' title='bbox 824 3861 969 3949; x_wconf 89' lang='lat' dir='ltr'>summa</span> <span class='ocrx_word' id='word_1_203' title='bbox 1001 3867 1075 3948; x_wconf 90' lang='lat' dir='ltr'>erit</span> <span class='ocrx_word' id='word_1_204' title='bbox 1110 3864 1382 3978; x_wconf 87' lang='lat' dir='ltr'>Logarirhmus</span> <span class='ocrx_word' id='word_1_205' title='bbox 1415 3861 1489 3950; x_wconf 87' lang='lat' dir='ltr'>&#39;dis-</span> 
     </span>
     <span class='ocr_line' id='line_1_29' title="bbox 181 3977 1488 4076; baseline 0.001 -12"><span class='ocrx_word' id='word_1_206' title='bbox 181 3982 310 4066; x_wconf 82' lang='lat' dir='ltr'>tantia</span> <span class='ocrx_word' id='word_1_207' title='bbox 336 4009 436 4068; x_wconf 84' lang='lat' dir='ltr'>verae</span> <span class='ocrx_word' id='word_1_208' title='bbox 466 3985 646 4068; x_wconf 81' lang='lat' dir='ltr'>comerae</span> <span class='ocrx_word' id='word_1_209' title='bbox 678 3977 835 4066; x_wconf 72' lang='lat' dir='ltr'>iSole.</span> <span class='ocrx_word' id='word_1_210' title='bbox 878 3984 936 4076; x_wconf 90' lang='lat'>4⁰.</span> <span class='ocrx_word' id='word_1_211' title='bbox 971 3979 1075 4062; x_wconf 90' lang='lat' dir='ltr'>Cum</span> <span class='ocrx_word' id='word_1_212' title='bbox 1104 3979 1214 4061; x_wconf 84' lang='lat' dir='ltr'>Loco</span> <span class='ocrx_word' id='word_1_213' title='bbox 1242 3981 1422 4063; x_wconf 76' lang='lat' dir='ltr'>Cometa</span> <span class='ocrx_word' id='word_1_214' title='bbox 1447 3980 1488 4065; x_wconf 93' lang='lat' dir='ltr'>in</span> 
     </span>
     <span class='ocr_line' id='line_1_30' title="bbox 183 4090 1489 4204; baseline 0.002 -29"><span class='ocrx_word' id='word_1_215' title='bbox 183 4090 346 4192; x_wconf 73' lang='lat' dir='ltr'>orbiti,</span> <span class='ocrx_word' id='word_1_216' title='bbox 386 4096 483 4181; x_wconf 87' lang='lat' dir='ltr'>dato</span> <span class='ocrx_word' id='word_1_217' title='bbox 531 4101 641 4182; x_wconf 87' lang='lat' dir='ltr'>loco</span> <span class='ocrx_word' id='word_1_218' title='bbox 689 4094 827 4191; x_wconf 75' lang='lat' dir='ltr'>Noui,</span> <span class='ocrx_word' id='word_1_219' title='bbox 854 4091 1027 4204; x_wconf 86' lang='lat' dir='ltr'>capiatur</span> <span class='ocrx_word' id='word_1_220' title='bbox 1057 4093 1231 4177; x_wconf 89' lang='lat' dir='ltr'>distantia</span> <span class='ocrx_word' id='word_1_221' title='bbox 1255 4091 1434 4178; x_wconf 79' lang='lat' dir='ltr'>Cometa</span> <span class='ocrx_word' id='word_1_222' title='bbox 1464 4091 1489 4178; x_wconf 81' lang='lat' dir='ltr'>al</span> 
     </span>
    </p>
   </div>
   <div class='ocr_carea' id='block_1_3' title="bbox 181 4203 1814 4321">
    <p class='ocr_par' dir='ltr' id='par_1_4' title="bbox 181 4203 1814 4321">
     <span class='ocr_line' id='line_1_31' title="bbox 181 4203 1814 4321; baseline 0.001 -30"><span class='ocrx_word' id='word_1_223' title='bbox 181 4209 348 4294; x_wconf 85' lang='lat' dir='ltr'>Nodo:¹</span> <span class='ocrx_word' id='word_1_224' title='bbox 375 4236 420 4293; x_wconf 90' lang='lat' dir='ltr'>ac</span> <span class='ocrx_word' id='word_1_225' title='bbox 450 4207 541 4295; x_wconf 73' lang='lat' dir='ltr'>dati</span> <span class='ocrx_word' id='word_1_226' title='bbox 564 4203 819 4295; x_wconf 89' lang='lat' dir='ltr'>Inclinatione</span> <span class='ocrx_word' id='word_1_227' title='bbox 852 4207 984 4321; x_wconf 89' lang='lat' dir='ltr'>plani,</span> <span class='ocrx_word' id='word_1_228' title='bbox 1015 4204 1235 4305; x_wconf 85' lang='lat' dir='ltr'>dabuntur,</span> <span class='ocrx_word' id='word_1_229' title='bbox 1273 4206 1488 4293; x_wconf 82' lang='lat' dir='ltr'>Noriffimis</span> <span class='ocrx_word' id='word_1_230' title='bbox 1643 4283 1646 4290; x_wconf 94' lang='lat'>.</span> <span class='ocrx_word' id='word_1_231' title='bbox 1811 4203 1814 4210; x_wconf 73' lang='grc'>’</span> 
     </span>
    </p>
   </div>
   <div class='ocr_carea' id='block_1_4' title="bbox 178 4319 1489 4662">
    <p class='ocr_par' dir='ltr' id='par_1_5' title="bbox 178 4319 1489 4662">
     <span class='ocr_line' id='line_1_32' title="bbox 178 4319 1488 4438; baseline 0 -32"><span class='ocrx_word' id='word_1_232' title='bbox 178 4320 514 4434; x_wconf 76' lang='lat' dir='ltr'>Trigonometria&#39;</span> <span class='ocrx_word' id='word_1_233' title='bbox 531 4325 763 4438; x_wconf 82' lang='lat' dir='ltr'>praeceptis,</span> <span class='ocrx_word' id='word_1_234' title='bbox 801 4326 930 4407; x_wconf 86' lang='lat' dir='ltr'>Locus</span> <span class='ocrx_word' id='word_1_235' title='bbox 963 4319 1145 4404; x_wconf 78' lang='lat' dir='ltr'>Cometa</span> <span class='ocrx_word' id='word_1_236' title='bbox 1177 4320 1228 4404; x_wconf 92' lang='lat' dir='ltr'>ad</span> <span class='ocrx_word' id='word_1_237' title='bbox 1261 4322 1488 4434; x_wconf 87' lang='lat' dir='ltr'>Eclipticam</span> 
     </span>
     <span class='ocr_line' id='line_1_33' title="bbox 179 4433 1489 4535; baseline -0.003 -15"><span class='ocrx_word' id='word_1_238' title='bbox 179 4435 391 4535; x_wconf 70' lang='lat' dir='ltr'>reduetus,</span> <span class='ocrx_word' id='word_1_239' title='bbox 425 4465 514 4522; x_wconf 88' lang='lat' dir='ltr'>cum</span> <span class='ocrx_word' id='word_1_240' title='bbox 538 4439 797 4524; x_wconf 86' lang='lat' dir='ltr'>Inclinatione</span> <span class='ocrx_word' id='word_1_241' title='bbox 821 4437 899 4519; x_wconf 85' lang='lat' dir='ltr'>five</span> <span class='ocrx_word' id='word_1_242' title='bbox 926 4433 1150 4520; x_wconf 78' lang='lat' dir='ltr'>latitudine</span> <span class='ocrx_word' id='word_1_243' title='bbox 1176 4433 1489 4533; x_wconf 78' lang='lat' dir='ltr'>Heliocenttical‚</span> 
     </span>
     <span class='ocr_line' id='line_1_34' title="bbox 179 4541 1489 4662; baseline -0.003 -28"><span class='ocrx_word' id='word_1_244' title='bbox 179 4577 225 4634; x_wconf 91' lang='lat' dir='ltr'>ac</span> <span class='ocrx_word' id='word_1_245' title='bbox 265 4551 464 4634; x_wconf 80' lang='lat' dir='ltr'>Dillanriae</span> <span class='ocrx_word' id='word_1_246' title='bbox 491 4552 666 4635; x_wconf 86' lang='lat' dir='ltr'>Curtatae</span> <span class='ocrx_word' id='word_1_247' title='bbox 693 4551 978 4662; x_wconf 84' lang='lat' dir='ltr'>Logarithmus.</span> <span class='ocrx_word' id='word_1_248' title='bbox 1034 4552 1086 4654; x_wconf 72' lang='lat'>5⁰.</span> <span class='ocrx_word' id='word_1_249' title='bbox 1119 4551 1177 4632; x_wconf 84' lang='lat' dir='ltr'>Ex</span> <span class='ocrx_word' id='word_1_250' title='bbox 1199 4549 1259 4634; x_wconf 91' lang='lat' dir='ltr'>his</span> <span class='ocrx_word' id='word_1_251' title='bbox 1287 4547 1410 4646; x_wconf 89' lang='lat' dir='ltr'>datis,</span> <span class='ocrx_word' id='word_1_252' title='bbox 1431 4541 1489 4630; x_wconf 86' lang='lat' dir='ltr'>iis·</span> 
     </span>
    </p>
   </div>
   <div class='ocr_carea' id='block_1_5' title="bbox 179 4659 1490 4862">
    <p class='ocr_par' dir='ltr' id='par_1_6' title="bbox 179 4659 1490 4862">
     <span class='ocr_line' id='line_1_35' title="bbox 179 4659 1490 4858; baseline -0.005 -108"><span class='ocrx_word' id='word_1_253' title='bbox 179 4663 271 4751; x_wconf 88' lang='lat' dir='ltr'>dem</span> <span class='ocrx_word' id='word_1_254' title='bbox 292 4663 458 4753; x_wconf 85' lang='lat' dir='ltr'>omnino</span> <span class='ocrx_word' id='word_1_255' title='bbox 485 4666 626 4780; x_wconf 88' lang='lat' dir='ltr'>regulis</span> <span class='ocrx_word' id='word_1_256' title='bbox 651 4664 793 4778; x_wconf 84' lang='lat' dir='ltr'>quibus</span> <span class='ocrx_word' id='word_1_257' title='bbox 816 4665 907 4751; x_wconf 88' lang='lat' dir='ltr'>loca</span> <span class='ocrx_word' id='word_1_258' title='bbox 930 4661 1195 4758; x_wconf 83' lang='lat' dir='ltr'>Planetarum‚</span> <span class='ocrx_word' id='word_1_259' title='bbox 1227 4687 1276 4746; x_wconf 89' lang='lat' dir='ltr'>ex</span> <span class='ocrx_word' id='word_1_260' title='bbox 1300 4659 1396 4744; x_wconf 88' lang='lat' dir='ltr'>dato</span> <span class='ocrx_word' id='word_1_261' title='bbox 1416 4661 1490 4858; x_wconf 52' lang='lat' dir='ltr'>lg</span> 
     </span>
     <span class='ocr_line' id='line_1_36' title="bbox 343 4800 1410 4862; baseline -0.005 4"><span class='ocrx_word' id='word_1_262' title='bbox 343 4805 348 4814; x_wconf 81' lang='grc'>’</span> <span class='ocrx_word' id='word_1_263' title='bbox 1358 4800 1410 4862; x_wconf 87' lang='lat' dir='ltr'>co</span> 
     </span>
    </p>
   </div>
   <div class='ocr_carea' id='block_1_6' title="bbox 0 0 2190 5676">
    <p class='ocr_par' dir='ltr' id='par_1_7' title="bbox 0 0 2190 5676">
     <span class='ocr_line' id='line_1_37' title="bbox 0 0 2190 5676; baseline 0 0"><span class='ocrx_word' id='word_1_264' title='bbox 0 0 2190 5676; x_wconf 95' lang='lat' dir='ltr'> </span> 
     </span>
    </p>
   </div>
  </div>
 </body>
</html>
