4336 5692
708 691 786 786 824*
919 675 1453 768 ‘ASTNNOMIAE
1509 681 1857 766 rursm

528 828 921 936 mnrrxxrrexiiientes
948 827 1189 914 videbuntur
1226 829 1266 912 in
1293 825 1571 942 Hemisphaerio
1598 825 1729 916 versus
1757 829 1927 920 Solemr
1952 852 2037 912 om·

567 937 622 1017 ἢ·
648 949 678 1008 5⁹
718 973 792 1036 nes
823 969 955 1032 autem
989 944 1059 1058 qui
1090 938 1291 1028 versantur
1323 946 1365 1029 in
1401 940 1604 1058 segmento
1638 970 1762 1029 unu
1795 939 2038 1028 videbuntur

720 1063 762 1149 in
787 1054 1064 1173 Hemisphaerio
1088 1056 1176 1143 Soli
1207 1055 1409 1170 oppufito.
1465 1063 1577 1146 Patet
1600 1082 1698 1146 vero
1721 1057 1834 1170 quod
1857 1053 2030 1168 segmen·

722 1200 806 1260 turn
841 1199 952 1257 nce
984 1173 1105 1276 majus
1128 1170 1183 1256 est
1217 1200 1336 1284 quam
1361 1199 1392 1258 u
1410 1199 1436 1258 n
1452 1199 1506 1276 u,
1549 1175 1641 1284 quia
1678 1169 1824 1286 sphaetae
1851 1195 2029 1256 centrum

610 1365 615 1374 .
720 1289 849 1374 estin
884 1287 987 1374 iiior
1020 1286 1153 1372 Plures
1179 1287 1295 1400 igitur
1322 1289 1502 1380 Cometae
1535 1288 1774 1376 videbuntur
1806 1286 1847 1370 in
1880 1277 2030 1371 Hernii-

549 1421 552 1428 ’
721 1402 867 1515 phaerio
899 1395 1030 1488 versus
1063 1399 1200 1485 Solem
1228 1425 1347 1513 qutun
1384 1405 1424 1487 in
1455 1402 1652 1517 oppofito.
1704 1399 1829 1512 QE.
1855 1399 1911 1485 D.

778 1514 859 1601 Sed
906 1521 946 1599 δι
982 1515 1113 1626 plures
1148 1514 1275 1628 primo
1321 1515 1558 1603 videbuntur
1603 1513 1681 1602 five
1719 1516 1949 1626 detegentur
1986 1509 2026 1594 in

721 1628 794 1716 ilio
811 1655 945 1742 -quam
976 1629 1017 1712 in
1051 1628 1176 1728 hoc,
1225 1657 1314 1718 curn
1348 1626 1559 1744 superficiei
1594 1625 1744 1716 shaerae
1789 1654 1874 1741 pars
1905 1649 2024 1710 unu

723 1745 846 1848 major
872 1741 918 1828 stt
939 1739 1090 1855 reliqui
1114 1767 1252 1828 unu:
1290 1743 1421 1858 detegi
1441 1769 1571 1832 autem
1594 1659 1862 1864 ippunruttut
1891 1761 2027 1853 quam!

723 1859 889 1971 primunr
916 1852 1156 1970 superficiem
1186 1859 1287 1946 hanc
1326 1863 1540 1974 attingunt.

1166 2029 1586 2120 Senourum

780 2204 876 2306 Quo
918 2197 1048 2284 minor
1085 2195 1245 2310 ponitur
1284 2192 1426 2311 sphera
1469 2224 1532 2284 nu
1553 2225 1618 2284 cu
1633 2256 1648 2298 ,
1686 2196 1764 2285 hoc
1808 2189 1864 2280 est
1880 2212 1897 2292 ‚·
1940 2211 2023 2320 qup
2151 2223 2152 2242 Ν

700 2317 883 2429 ,propius
916 2313 940 2399 i
976 2312 1082 2418 sore·
1115 2307 1242 2397 abeffe
1277 2337 1439 2424 oportet
1478 2318 1690 2400 Cometam
1721 2333 1932 2419 antequam
1968 2329 2024 2384 vr·

721 2427 883 2525 deutur,
910 2435 962 2512 e'o
999 2431 1257 2510 cometarum
1284 2427 1323 2508 in
1355 2424 1631 2541 Hemisphaerio
1659 2425 1793 2512 Solem
1828 2414 2025 2506 versusvi·
2151 2455 2152 2460 κ

719 2535 850 2626 sorum
881 2565 1062 2626 numerus
1088 2539 1215 2672 magis
1255 2541 1409 2627 excedit
1447 2569 1649 2628 numerum
1687 2535 1953 2654 apparentium
1986 2530 2024 2612 in

722 2654 938 2852 ituit
973 2675 1335 2878 {zum
1350 2651 1886 2859 intinniit&
1899 2670 2057 2874 {infr

718 2879 964 2970 detectorum
998 2903 1179 2964 numerus
1218 2880 1259 2968 in
1290 2880 1369 2969 illu·
1389 2910 1505 2996 quam
1544 2887 1584 2968 in
1614 2885 1692 2969 hoc
1724 2880 1848 2985 major
1871 2876 1939 2958 est.

780 2997 822 3080 Si
861 3015 1030 3109 ponatur
1066 3016 1223 3078 nuce
1255 2991 1330 3084 effe
1362 2997 1482 3109 paulo
1512 2997 1703 3094 minorem
1739 3015 1859 3105 quam
1887 2984 2026 3102 sphaett

716 3109 831 3222 ¹Juvis
843 3163 858 3208 ,
903 3104 982 3191 five
1012 3104 1127 3218 quod-
1166 3111 1346 3196 Cumetae
1380 3103 1548 3226 seprius
1579 3109 1776 3200 videndos
1816 3131 1896 3188 non
1934 3128 2023 3214 pru·

717 3225 842 3310 beant
870 3244 989 3332 quam
1022 3219 1094 3304 fin't
1110 3222 1194 3307 Soli
1220 3225 1338 3336 paulo
1369 3227 1573 3338 propiores
1604 3249 1722 3338 quam
1746 3219 1916 3336 Jupiter,
1944 3215 2026 3298 hoe

719 3329 867 3436 est,fi
907 3357 1078 3446 ponatur
1117 3361 1181 3420 sn
1226 3336 1339 3448 ipsius
1370 3366 1437 3424 su
1467 3340 1751 3452 quintupla;(
1789 3360 1880 3418 nam
1913 3328 2027 3442 Juvit
2147 3405 2148 3408 t

719 3447 897 3534 distantia
928 3447 952 3534 i
977 3448 1073 3534 Sole
1110 3451 1265 3535 excedit
1297 3453 1546 3566 quintuplum
1576 3454 1758 3540 distantior
1789 3448 1955 3534 Telluris
1973 3440 2023 3528 ab

720 3563 865 3648 eodem
886 3592 904 3651 r
939 3561 960 3666 )
999 3555 1238 3672 segmentum
1271 3594 1386 3651 ucu
1427 3570 1500 3652 erit
1540 3563 1826 3682 propemodum
1860 3559 2030 3673 duplum

718 3673 906 3788 segmenti·
946 3698 1090 3773 uuo,
1132 3679 1173 3759 δι
1211 3677 1305 3765 ideo
1337 3681 1422 3766 fere
1451 3680 1577 3794 duplo
1608 3682 1738 3794 plures
1769 3679 1948 3764 Cometae
1981 3673 2027 3754 in.

667 3765 997 3924 'liemisphaerio
1016 3788 1150 3872 Solem
1174 3788 1556 3929 versusuidebuntur
1585 3821 1703 3906 quarn
1722 3799 1760 3879 in
1787 3784 2026 3920 Hemispim·
2144 3807 2146 3954 p

713 3929 801 4100 {232
820 3901 1037 4126 iiiiii}
1070 3900 1146 4098 ii
1173 3900 1447 4134 iiiiii&
1465 3900 2018 4134 innigfflifis‘iffi

709 4128 774 4212 hic
806 4130 931 4240 primo
969 4127 1215 4241 detegentur.
1273 4136 1323 4217 Si.
1343 4162 1370 4217 n
1388 4160 1409 4216 n
1427 4159 1497 4219 cu
1538 4139 1678 4248 iphaera
1712 4139 1841 4221 minor
1874 4131 2023 4231 fuerit.,.

703 4268 750 4323 u.
775 4271 815 4350 g.
849 4239 968 4324 fisn
1001 4239 1046 4323 srt
1070 4239 1314 4353 sesquialtera
1344 4248 1528 4334 distantiae
1556 4252 1692 4336 Martis
1719 4253 1742 4334 i
1773 4250 1893 4346 Sole,
1922 4273 2012 4360 qua,

703 4354 847 4484 druplo
879 4355 1009 4463 plures
1042 4359 1220 4441 Cometae
1252 4364 1559 4474 (inamplius)
1601 4363 1839 4449 uidebuntur
1869 4365 1909 4445 in
1932 4367 2015 4446 He-·

699 4463 925 4578 mrsphaetio.
958 4466 1103 4551 Solem:
1137 4468 1297 4573 versun,
1340 4503 1460 4586 quam
1503 4477 1543 4560 in
1582 4475 1763 4591 opposito
1784 4509 1809 4569 3.
1838 4474 1902 4562 sed
1934 4479 2017 4587 pri·-

694 4605 805 4664 mum
844 4578 885 4662 in
920 4577 1001 4711 illp,
1018 4579 1261 4672 detentorum
1296 4615 1475 4704 numerus
1509 4593 1583 4676 erit
1610 4593 1752 4703 duplus
1787 4587 2010 4703 sesquialter.

689 4691 937 4794 detructum
967 4721 1010 4780 rn
1037 4693 1134 4786 hoc.
1189 4697 1505 4793 Advertendum.
1534 4735 1584 4796 cx
1616 4707 1707 4794 hoe·
1727 4731 1891 4796 nurnero
1929 4704 2003 4788 toi

1922 4821 2002 4908 ltu,
