4322 5686
231 469 768 616 scaonnrrrca
799 529 1180 614 annuarum.
1206 540 1349 620 nnn.
1390 560 1459 642 735

121 651 343 738 duodecies
370 678 518 738 tantum
545 657 711 755 oritur,
754 659 853 743 Fixa
887 661 993 746 verd'
1011 661 1137 748 deeies
1163 671 1289 751 &ter
1317 703 1328 760 ς
1382 670 1462 758 five

132 766 342 847 accuratius
376 822 389 861 ,
438 765 480 846 in
525 765 797 851 novemdecim
834 767 957 853 Annis
996 773 1064 856 Sol
1103 775 1224 856 oritur
1262 776 1458 863 ducenties
1491 779 1507 811 ⁰

130 872 257 953 tricies
286 873 513 1000 quinquies,
542 875 640 957 Fixae
668 877 764 960 vero
792 875 988 964 ducenties
1016 883 1268 1012 quinquagies
1299 889 1342 973 dc¹
1368 915 1463 994 qna-

128 1001 227 1172 terdp
273 987 313 1064 δι
341 1009 467 1066 orrens
495 985 564 1068 Sol
591 985 744 1100 integro
771 983 852 1070 fere
879 989 1000 1099 SIgno
1026 1017 1246 1101 promotior
1269 995 1321 1078 est
1343 995 1460 1106 quim

125 1113 187 1200 pn
228 1117 266 1174 e.

124 1235 129 1242 ’
181 1236 277 1322 Dies
305 1236 368 1320 hic
395 1237 575 1322 naturalis
604 1237 873 1324 Lunicolarum
905 1299 918 1339 ,
974 1241 1166 1354 aequaliter
1200 1245 1240 1326 in
1266 1245 1390 1328 lucem
1419 1249 1460 1328 dt

124 1345 302 1430 tenebras
330 1346 555 1444 dividitur,
599 1349 690 1460 quia
717 1346 843 1430 Axis,
881 1349 980 1432 circa
994 1377 1122 1462 quem
1152 1353 1260 1435 luna
1288 1354 1460 1438 revolvi-

123 1477 223 1553 tur,
274 1457 327 1536 est
366 1453 417 1537 ad
458 1454 615 1566 planum
654 1457 796 1539 itineris
836 1454 952 1541 Lunx
989 1460 1089 1542 circa
1116 1460 1248 1543 Solem
1276 1464 1459 1546 normalis

121 1560 241 1653 feres
287 1568 328 1645 dc
357 1590 540 1672 preterea
575 1563 721 1646 nullum
760 1565 814 1648 est
852 1565 955 1676 apud
989 1569 1135 1650 Lunam
1184 1565 1460 1678 Crepusculum

119 1696 214 1770 ante
240 1671 343 1756 Solis
368 1695 500 1755 ortum
525 1673 592 1755 vel
621 1649 712 1782 posf
734 1674 819 1778 ejus
843 1669 1022 1758 occasum
1041 1706 1070 1766 s·
1091 1703 1229 1786 nempe
1256 1674 1365 1786 quod
1394 1675 1462 1761 fie-

120 1780 153 1863 ri
182 1807 261 1862 non
290 1781 420 1890 potest
454 1785 471 1881 (
485 1805 532 1864 ut
555 1785 699 1890 Proop.
731 1807 837 1866 vm.
860 1783 947 1867 Lib.
967 1809 1021 1868 11.
1043 1779 1230 1868 ostensum
1270 1785 1350 1882 est)
1381 1783 1463 1868 abs·

118 1915 199 1998 que
237 1885 458 1988 circumfusa
500 1891 617 1974 Lunae
654 1886 803 1974 Atmos
821 1891 921 1974 hara
953 1951 966 1990 ,
1010 1891 1133 2004 qualis
1175 1893 1280 1975 nulla
1333 1893 1458 1976 datur.

117 1996 242 2086 Unde
280 1997 349 2080 Sol
385 1997 579 2081 Lunicolis
614 2015 700 2106 per·
719 1917 898 2108 medium¹
923 1997 1011 2083 fere
1052 2001 1151 2082 inter
1178 2002 1297 2085 Polos
1330 1999 1460 2086 motin

115 2105 232 2216 primi
260 2105 443 2189 circulum
470 2132 660 2218 perpetuo
686 2107 864 2192 incedere
889 2107 1060 2192 videtur.

111 2341 118 2352 ,
174 2262 370 2374 Qamvis
404 2263 509 2348 Solis
544 2267 639 2364 via,
676 2263 835 2350 &Luna
873 2267 979 2351 inter
1012 2267 1120 2350 Fixas
1155 2261 1276 2380 visa,
1321 2263 1365 2348 fit
1393 2291 1463 2350 ea·-

113 2367 207 2452 dem
237 2373 416 2481 proxime
440 2399 528 2456 cum
557 2371 725 2480 ejusdem
752 2375 817 2458 via
844 2373 867 2458 ὲ
894 2375 1048 2460 Tellure
1071 2369 1181 2472 visa,
1211 2379 1251 2456 dc
1280 2375 1456 2459 omnium

111 2479 365 2564 Planetarum
412 2479 547 2566 eadem
589 2483 769 2592 proxime
803 2483 891 2567 loco
925 2482 949 2566 ὲ
976 2486 1084 2568 Luna
1115 2480 1285 2594 atque&
1313 2488 1453 2570 Terras

109 2584 137 2676 ,ὲ
174 2589 283 2672 Luna
321 2613 451 2673 tamen
479 2650 492 2689 ,
517 2615 645 2688 ,extra
685 2589 835 2674 Nodos
857 2591 1016 2701 posita,
1058 2591 1286 2674 accuratiori
1314 2585 1454 2672 Obser-

113 2697 247 2781 vatori
279 2697 482 2783 videbitur
515 2701 585 2783 Sol
627 2697 678 2780 ab
706 2701 891 2808 Ecliptica
924 2699 1100 2783 adlatus
1127 2696 1349 2809 opposttum
1387 2695 1456 2779 de-

112 2807 254 2906 viare,
296 2811 338 2891 &
368 2809 498 2892 lumen
527 2803 638 2891 suum
663 2807 762 2891 ultra·
788 2808 930 2890 Polum
956 2803 1167 2910 subjectum
1193 2805 1356 2888 Coelesti
1382 2805 1453 2902 illi,

110 2911 243 2999 versus
272 2943 389 3028 quem
418 2917 626 3014 declinat,
676 2913 926 3026 protendet,
967 2915 1189 3027 Polumque
1225 2914 1386 2997 alterurn
1414 2915 1455 2994 in

111 3014 291 3107 testbris
319 3027 412 3108 telin
444 3028 516 3108 uit.
589 3021 668 3109 Sed
695 3025 941 3108 restituuntur
966 3023 1053 3106 haec
1075 3023 1206 3106 omnia
1234 3023 1333 3102 intra
1361 3021 1454 3105 Diei

110 3133 274 3214 lunaris
312 3053 532 3231 semideus,
573 3129 661 3216 edm
703 3136 813 3216 Luna
849 3131 899 3214 ad
942 3129 1106 3214 Nodum
1134 3124 1239 3210 suum
1267 3127 1456 3238 fimulque

108 3237 313 3350 Eclipticae
340 3239 496 3351 planum
525 3239 662 3339 redit,
704 3241 840 3351 postea
864 3238 916 3320 ad
939 3239 1075 3321 alteras
1102 3237 1297 3344 Eclipticae
1326 3259 1456 3344 partes

108 3343 316 3440 excursum
339 3407 352 3446 ,
403 3347 618 3460 fimiliaque
656 3347 920 3432 Phanomena
942 3343 993 3431 ad
1020 3345 1183 3428 alterum
1197 3340 1355 3426 'Polum
1384 3366 1460 3451 pet·

112 3455 302 3566 reliquam
331 3457 425 3540 Diei
450 3453 628 3542 semiffem
658 3455 852 3540 habitura.

165 3594 312 3676 Preter
353 3595 626 3704 inaequalitates
677 3569 812 3679 olnnes
859 3595 899 3675 in
937 3592 1181 3677 Planetarum
1221 3585 1390 3716 motibus
1432 3585 1455 3670 ὲ

109 3703 230 3783 Terra
261 3699 395 3801 visas,
437 3729 529 3804 quas
556 3705 596 3785 in
627 3706 736 3786 luna
763 3700 871 3786 simul
900 3729 984 3783 cum
1008 3701 1164 3785 Tellure
1185 3698 1314 3782 delata
1337 3721 1454 3779 ettam

110 3808 291 3896 obtinere
331 3807 475 3896 neceffe
503 3810 585 3908 est,
626 3807 709 3894 sunt
738 3815 779 3894 δι
807 3811 889 3894 aliae
917 3812 1033 3894 Lunae
1090 3809 1313 3904 eculiares,
1358 3829 1461 3915 qua--

110 3943 200 4000 rum
245 3921 440 4032 praecipuae
474 3915 558 4001 sunt
595 3918 671 4002 hae.
752 3917 926 4030 Quando·
974 3837 1116 4032 incols
1149 3917 1189 3998 in
1234 3912 1453 3999 meditullio

110 4021 382 4136 hernispharii.
405 4030 520 4110 Lunae
552 4024 566 4053 ⁸
600 4031 719 4111 Terra
746 4025 870 4111 averst'
893 4026 973 4112 dies
1003 4028 1056 4112 est
1082 4084 1096 4125 ,
1150 4025 1219 4109 Sol
1246 4019 1356 4108 tarde
1384 4018 1453 4104 sub

113 4135 216 4216 fixis
243 4133 420 4249 progredi
448 4055 635 4224 videdrs
677 4133 880 4220 tardillime
908 4136 1008 4222 vero
1039 4137 1050 4218 i
1080 4129 1120 4218 so
1150 4129 1308 4216 meridie
1339 4161 1348 4210 t
1381 4155 1460 4256 no-

112 4245 174 4324 oe
214 4243 311 4334 vero
347 4245 517 4329 celeriter
563 4243 614 4328 ub
646 4245 743 4328 Finis
775 4239 1011 4360 progrellum
1095 4239 1159 4325 ille
1194 4241 1348 4354 postero
1381 4235 1454 4318 dre

108 4349 423 4461 deprehenditur.
510 4355 560 4439 Et
592 4350 616 4437 ὲ
651 4350 1026 4580 εοηπαάςάεξειπί
1055 4353 1096 4437 in
1125 4344 1459 4564 medtuffippg
