4322 5686
755 642 829 722 704
947 541 1886 696 usrnononrnrnrsrcat

811 757 843 836 E
870 747 1037 832 Planeris
1076 739 1175 826 hisce
1206 736 1268 824 sex
1291 764 1366 822 tres
1400 733 1483 820 sunt
1516 729 1691 823 satellitio
1719 739 1908 830 ‘donatis
1962 735 2072 822 Terra

756 863 934 946 nimirum
973 859 1080 940 Luna
1115 853 1227 936 unica
1252 851 1424 960 stipata,
1467 873 1555 959 quae
1583 847 1633 929 ab
1661 850 1726 933 illa
1752 847 1902 964 digredi
1932 847 2074 930 videbi-

756 997 857 1071 tur,
898 995 983 1050 cum
1017 957 1221 1058 maxine,
1264 957 1441 1069 scrupulis
1468 957 1597 1068 primis
1624 958 1771 1043 circiter
1808 983 1892 1051 103
1937 959 2073 1068 Jupiter

617 1083 619 1088 ’
691 1159 699 1174 ,
755 1105 926 1194 quatuor
955 1076 1069 1158 Lunis
1098 1071 1336 1168 comitatus,
1375 1093 1537 1176 quarum
1564 1070 1707 1152 extima
1734 1093 1935 1184 nunquam
1976 1067 2023 1152 ad
2045 1063 2074 1171 9'

754 1187 908 1296 {Jove
936 1183 1109 1296 elongari
1143 1178 1366 1272 videbitur;
1419 1181 1599 1262 Saturnus
1637 1180 1811 1292 quinque
1844 1177 2076 1263 Satellitibus

755 1304 916 1407 (prater
953 1291 1187 1388 Annulrun)
1221 1289 1362 1372 cinelus
1396 1287 1594 1386 cernitur,
1640 1315 1807 1399 quorum
1841 1289 2009 1372 extimus
2033 1286 2075 1371 ad

754 1425 885 1517 parem
924 1402 1004 1488 fere
1031 1399 1032 1404 '
1058 1400 1083 1484 a
1111 1403 1276 1484 Saturno
1311 1397 1526 1484 distantiam
1564 1391 1733 1481 discedit.
1816 1404 1975 1482 Horum
2018 1398 2077 1480 Sa·

757 1509 924 1600 tellitum
958 1513 1031 1594 viat
1067 1507 1089 1594 ὲ
1127 1510 1218 1592 Sole
1254 1503 1378 1608 visa,
1424 1533 1524 1590 nunc
1559 1509 1678 1619 magis
1703 1535 1805 1591 nunc
1832 1511 1959 1590 minus
1987 1507 2076 1588 obli-

756 1651 835 1736 que
871 1620 1041 1732 spectatae
1067 1677 1082 1718 ,
1128 1614 1282 1729 Ellipses
1311 1645 1411 1702 nunc
1438 1618 1592 1703 latiores
1618 1643 1721 1700 nunc
1748 1617 1947 1700 rudiores
1978 1613 2076 1697 vide-

756 1733 911 1817 buntur.
969 1764 971 1766 ·
993 1725 1221 1840 Aliquando
1249 1726 1383 1810 harum
1410 1727 1633 1810 Orbitarum
1660 1727 1774 1837 plana
1800 1723 1988 1836 produdla
2014 1736 2076 1834 p'er

755 1841 888 1925 Solem
928 1833 1156 1934 trurseunt,
1197 1837 1237 1919 in
1275 1863 1357 1950 quo
1397 1831 1479 1919 casu
1519 1836 1561 1917 in
1599 1839 1718 1920 redas
1754 1837 1898 1919 abeunt
1925 1828 2075 2023 Ellipses

755 1952 858 2060 prius
895 1945 1104 2034 admodum
1152 1945 1315 2056 angustae
1337 2003 1351 2042 ,
1374 1945 1510 2058 ,quod
1547 1943 1606 2027 bis
1643 1947 1682 2027 in
1722 1944 1900 2056 qualibet
1941 1948 1998 2025 Or
2024 1943 2074 2024 ita

755 2061 858 2142 istius
901 2056 1145 2142 revolutione
1189 2057 1288 2138 circa
1329 2056 1459 2137 Solem
1495 2055 1717 2166 contingit,
1761 2050 1951 2164 siquidem
1979 2048 2073 2161 ipsus

754 2169 912 2276 planum
939 2163 1007 2250 srbi
1034 2160 1101 2274 ipsr
1128 2157 1348 2274 parallelum
1373 2189 1526 2248 maneat
1557 2193 1569 2252 t
1618 2163 1721 2246 unde
1749 2163 1905 2246 Satelles
1936 2156 2072 2244 nunti

756 2277 942 2360 Primario
969 2271 1038 2357 suo
1066 2275 1146 2386 tegi
1173 2271 1368 2357 videbitur
1397 2276 1437 2354 δι
1463 2272 1567 2356 hunc
1590 2271 1749 2358 viciffim
1774 2293 1948 2387 tegere,
1987 2290 2072 2352 murt

705 2383 728 2438 0
755 2407 865 2486 extra
890 2387 971 2490 ejus
998 2375 1140 2466 discum
1162 2381 1202 2464 in
1229 2379 1355 2493 Ellipsr
1381 2380 1602 2495 circumagi.

775 2591 976 2688 ¹Planetae
1014 2602 1181 2712 primarii
1219 2627 1431 2713 eorumque
1467 2599 1655 2688 Satellites
1693 2599 1904 2713 superficies
1941 2601 2071 2686 habent

756 2739 837 2797 non
875 2719 1024 2794 'tantum
1062 2737 1143 2792 non
1186 2707 1299 2793 tersas
1340 2715 1381 2792 δι
1416 2711 1589 2820 politas,
1627 2707 1693 2800 sed
1720 2709 1958 2825 nequidem
1986 2709 2070 2794 adeo

721 2912 724 2918 ,
755 2817 965 2924 uniformes
1009 2820 1105 2930 quin
1136 2819 1177 2902 in
1210 2819 1284 2902 illis
1312 2821 1546 2928 reperiantur
1572 2820 1660 2906 loca
1688 2823 1850 2908 clariora
1877 2823 1918 2904 δι
1948 2815 2025 2904 obs
2056 2865 2071 2882 ·

755 2931 889 3027 rima,
932 2926 1010 3010 hoc
1044 2929 1140 3025 est,
1178 2954 1263 3039 qua
1305 2928 1406 3040 ¹Solis
1446 2927 1609 3031 radios,
1659 2931 1799 3043 quibus
1841 2929 2070 3022 illustrantur,

754 3040 878 3147 magis
915 3031 1085 3118 minusve
1120 3039 1326 3150 reflectunt.
1410 3038 1572 3122 Maculae
1609 3037 1667 3122 hae
1693 3040 1889 3124 rotatione
1917 3041 2069 3122 Planetae

756 3147 857 3228 circa
892 3170 964 3252 pro
990 3146 1086 3225 rium
1114 3171 1225 3226 axem
1263 3145 1422 3228 circulos
1449 3142 1691 3238 describuntr
1737 3147 1916 3259 adeoque
1943 3146 1968 3230 ὲ
1992 3145 2070 3229 Sole

754 3250 925 3362 speciata
958 3171 1091 3336 sarum
1129 3255 1201 3335 viat
1237 3254 1276 3335 in
1317 3253 1434 3362 plano
1461 3251 1567 3340 Disci
1594 3259 1831 3366 planetarii,
1872 3283 1977 3340 nunc
2001 3253 2072 3336 elli·

753 3363 865 3551 pticae
902 3360 1171 3461 uidebuntur,
1224 3390 1326 3445 nunc
1363 3366 1471 3447 reete
1512 3362 1688 3474 (prorsus
1716 3365 1810 3450 ficut
1835 3368 1934 3477 ptius
1963 3363 2072 3449 Satel-

771 3472 863 3562 ‘tum
893 3470 994 3567 via)
1033 3496 1149 3581 prout
1183 3472 1250 3556 Sol
1278 3467 1385 3581 supra
1413 3472 1570 3557 istorum
1593 3475 1823 3559 circulorum
1849 3475 2002 3586 planum
2032 3469 2073 3555 ad

754 3577 975 3661 alterutrum
1005 3579 1101 3662 latus
1131 3580 1354 3679 attollitur,
1401 3581 1465 3664 vel
1492 3583 1532 3664 in
1560 3609 1609 3665 eo
1638 3586 1865 3695 reperitur,
1903 3605 2073 3692 tempore

743 3683 801 3791 fc.
835 3690 882 3769 AE
913 3687 1070 3771 unoetii
1107 3688 1147 3768 in
1185 3690 1342 3772 Planeta
1377 3689 1463 3772 isto.
1548 3691 1670 3806 Qud
1697 3691 1725 3776 st
1754 3693 1988 3776 macularum
2016 3692 2072 3772 ha-

753 3821 837 3878 rum
877 3715 986 3880 series
1022 3794 1101 3878 five
1143 3791 1262 3880 fasciae
1292 3825 1333 3881 re
1360 3799 1565 3898 eriantut,
1613 3824 1656 3883 ut
1684 3799 1726 3900 in
1753 3805 1877 3884 Marte
1905 3804 1948 3882 δι
1980 3801 2068 3908 Jove

754 3905 972 4017 contingit,
1000 3903 1058 3988 lrae
1084 3902 1250 3990 suniliter
1276 3825 1358 3990 ves
1368 3908 1408 3988 in
1431 3901 1698 4018 semi-ellipses
1728 3910 1971 4018 incurvata,
2001 3908 2070 4008 (al-

753 4035 834 4200 ll}
857 4040 1028 4206 lllll?
1044 4011 1316 4209 stlatis
1342 4016 1437 4206 Pisi
1453 4015 1830 4210 llsslms‘nl
1853 4017 1927 4209 is
1935 4015 2068 4210 lin

751 4227 903 4310 Sanuni
929 4227 1095 4334 similiter
1122 4153 1356 4317 convenit.q
1379 4237 1527 4317 Verum
1555 4235 1787 4320 macularum
1816 4238 1954 4345 a'quae
1977 4259 2069 4317 nunc

751 4330 975 4441 aliquandiu
1001 4339 1153 4436 latent,
1195 4369 1295 4426 nunc
1324 4368 1432 4454 aeque
1458 4339 1524 4426 diu
1553 4369 1769 4454 apparent,
1808 4371 1948 4455 nempe
1963 4363 2069 4454 prout

751 4438 918 4559 Planetae
958 4443 1057 4530 Polo
1097 4442 1121 4533 ai
1160 4449 1251 4537 Sole
1286 4444 1422 4538 averso
1462 4451 1527 4537 vel
1564 4450 1693 4540 eidem
1721 4448 1889 4542 obverso
1922 4453 2071 4562 propin-

1839 4652 1867 4705 ·
1985 4581 2067 4671 qudi
