4376 5694
146 625 170 640 '¹
280 621 334 728 'n
371 641 767 724 canaan-mea
800 583 1138 723 mannaim.
1173 647 1260 724 m.
1285 646 1348 726 cn.
1437 668 1505 740 519

196 786 291 900 gula
324 785 556 872 illustrantur
582 786 632 869 ab
676 780 826 870 excessu
861 785 1022 871 Solaria*
1040 780 1147 868 Disci
1175 781 1286 897 supra
1315 788 1505 871 Lunaeem

195 929 247 984 ex
281 902 437 986 Tellure
470 901 681 1012 apparente
722 932 732 981 ε
791 898 900 984 Nam
942 897 1197 1012 praecedentia
1241 899 1373 982 omnia
1409 927 1503 986 vera

196 1009 284 1100 sunt
314 1013 365 1101 de
394 1019 464 1099 oli
498 1019 601 1100 reita
624 1015 724 1100 ultra
751 1039 776 1097 c
806 1011 933 1146 duiia.

402 1202 952 1291 paoposmo
1018 1207 1305 1334 xxm.

190 1387 241 1474 Si
274 1391 422 1508 Sphara
451 1419 564 1505 opaca
595 1389 742 1504 Spiere
767 1391 890 1474 lucide
918 1401 1147 1506 exponatur,
1170 1418 1300 1504 prater
1328 1393 1496 1478 ambram

246 1512 397 1602 totalem
413 1511 498 1618 sive
510 1513 660 1618 plenam
676 1509 754 1615 fiet
776 1507 988 1617 pennmbra
1020 1507 1037 1615 (
1057 1507 1123 1588 bec
1150 1510 1220 1612 est,
1232 1513 1401 1619 spatium
1423 1538 1495 1588 me.

83 1627 88 1634 '
247 1623 307 1704 dii
337 1621 570 1729 cireamfiesi‚
592 1620 617 1702 i
643 1621 908 1730 cujnsfingulis
939 1626 1092 1732 puniiis
1114 1625 1239 1734 aliqui
1256 1647 1325 1733 per
1343 1646 1493 1730 opacam

232 1736 410 1848 spheram
439 1759 611 1818 arcentur
627 1735 764 1846 radii)
809 1734 864 1814 ad
876 1759 1006 1844 partes
1039 1730 1211 1846 isphera
1232 1737 1356 1818 lacida
1381 1765 1492 1815 aver.

230 1855 295 1964 sae
311 1851 330 1934 '‚
355 1849 492 1963 inclusi
508 1849 696 1960 steperficie
725 1854 807 1930 ceni
837 1852 931 1930 nm·
943 1904 955 1932 ‚
985 1859 1083 1958 cnjus
1099 1855 1185 1928 axis
1218 1852 1314 1932 idem
1337 1849 1386 1953 est
1410 1877 1492 1928 cnm

240 1996 312 2050 axe
348 1963 477 2044 nenbra
509 1967 620 2073 plene
652 2017 664 2050 ‚
707 1959 753 2054 ἅ
782 1965 939 2072 angulus
971 1964 1168 2046 verticalis
1198 1967 1380 2073 trianguli
1420 1987 1490 2072 per

238 2110 350 2164 axem
382 2081 529 2190 equalis
552 2076 761 2183 estfinnme
790 2078 1032 2186 angulorum.
1079 2073 1214 2188 quibus
1228 2074 1371 2189 sphera
1400 2079 1489 2156 laci·
1565 2137 1568 2146 .

239 2193 290 2274 da
322 2221 367 2271 ex
392 2217 512 2273 centro
543 2213 656 2298 opaea
684 2189 730 2281 ἀ
753 2188 894 2300 sphera
918 2215 1029 2300 opaca
1060 2219 1107 2272 ex
1138 2213 1259 2275 centro
1291 2189 1414 2272 incide
1427 2195 1486 2270 vi-

236 2309 384 2390 denar.
446 2301 556 2411 Etst
588 2333 696 2386 cenas
728 2301 792 2384 hic
827 2301 1084 2413 penambresus
1117 2301 1263 2410 ficetur
1305 2328 1486 2415 utcunque

232 2425 349 2534 plano
369 2417 422 2499 ad
443 2421 599 2525 planum
629 2415 722 2526 basts·
731 2419 934 2529 panida,
968 2413 1194 2529 pennmbreſs
1220 2420 1349 2501 circuli
1355 2418 1411 2527 fic
1419 2445 1485 2528 ge·

238 2538 316 2616 niti
345 2527 515 2642 (incluso
547 2533 680 2612 circulo
704 2535 813 2640 plene
846 2529 1004 2638 umbroso
1036 2531 1092 2612 ad
1118 2539 1192 2637 ejus
1222 2554 1423 2630 centrum,
1445 2531 1486 2640 st

233 2655 315 2762 quie,
342 2646 435 2754 stt)
477 2643 658 2726 diameter
692 2673 738 2727 ex
771 2667 892 2747 centro
924 2668 1035 2756 opace
1054 2640 1195 2753 spiere
1212 2644 1384 2756 speciata
1418 2651 1482 2725 vi.

234 2763 341 2844 detur
352 2755 422 2868 fieb
448 2762 580 2867 angulo
616 2788 640 2837 e
664 2759 747 2838 nali
782 2780 979 2866 aggregato
1011 2763 1127 2840 triam
1149 2761 1391 2868 angulorum
1430 2785 1486 2838 eo.

232 2905 315 2960 enm
337 2896 463 2981 nempe
481 2867 551 2978 sub
571 2789 706 2984 quiins
733 2895 846 2980 opaca
866 2867 1007 2979 sphera
1038 2898 1086 2952 ex
1111 2880 1248 2954 centris
1274 2869 1410 2982 spiere
1429 2873 1486 2953 la.

230 2988 319 3072 eide
345 2985 389 3078 ei
419 2987 550 3066 circuli
576 2983 806 3094 pennmbrest
827 2983 1008 3070 videtur,
1046 2983 1186 3098 ejusque
1212 2993 1351 3099 inque
1374 2983 1484 3098 spba-

232 3131 277 3192 ra
312 3099 435 3182 lacida
476 3128 522 3180 ex
548 3122 659 3210 opace
694 3123 813 3182 centro
832 3095 1037 3210 speciatur.
1206 3173 1209 3180 ,

180 3291 429 3498 REliquis
457 3287 703 3376 manentibus
728 3313 772 3374 ut
814 3289 855 3374 in
898 3318 1009 3404 praec.
1034 3289 1226 3377 ducantur
1260 3295 1369 3379 reciae
1396 3317 1548 3399 mamb,
1577 3343 1664 3410 xm.

301 3431 361 3491 cc
388 3405 553 3489 circulos
581 3402 632 3486 ad
658 3429 786 3514 partes
809 3404 976 3490 alternas
999 3408 1303 3520 contingentes,
1331 3403 1368 3492 se
1395 3436 1477 3493 mu·
1524 3420 1577 3498 fi·
1602 3442 1628 3488 ι.

163 3543 252 3604 'tuo
285 3519 456 3604 inwreaae
484 3543 546 3600 aa
577 3520 722 3628 puniio
753 3515 1056 3605 edecuiiantes.
1107 3526 1219 3608 Patet
1240 3545 1377 3638 prater
1407 3553 1487 3611 um·

177 3635 290 3719 bram
317 3633 481 3719 t'otalem
507 3629 644 3745 projici
667 3631 785 3716 etiam
817 3632 918 3714 circa
942 3635 1318 3747 hanapenumbram
1337 3639 1375 3722 in
1404 3668 1486 3754 par·

180 3773 239 3831 tes
254 3747 276 3832 i
292 3747 421 3832 lucida
440 3742 578 3856 sphaera
607 3739 790 3843 aversas,
811 3745 902 3856 quia
928 3744 1090 3859 spatium
1112 3779 1232 3836 omne
1251 3748 1486 3864 intrasaper·

181 3859 307 3944 ficiem
337 3863 545 3958 comeam,
571 3857 742 3971 genitam
767 3856 789 3943 i
817 3863 918 3943 ceeia
957 3886 1018 3944 na
1046 3865 1146 3947 ultra
1180 3859 1359 3976 sphaeram
1393 3893 1485 3978 opa-

181 4002 266 4059 cam
288 3973 475 4086 produ&a
502 3975 602 4057 circa
630 3999 742 4056 axem
773 3997 836 4054 aa
863 3997 1024 4077 rotata,
1051 3979 1129 4062 tale
1154 3979 1276 4062 estut
1320 3981 1371 4064 ab
1403 3984 1485 4084 ejus

178 4086 332 4198 singulis
361 4089 508 4196 puniiis
532 4085 691 4202 quidam
721 4080 871 4198 sphaerae
903 4085 1039 4174 iucidae
1062 4089 1159 4175 radii
1189 4117 1390 4178 arceantur
1416 4123 1484 4207 per

179 4201 513 4312 interpofitionem
550 4227 683 4312 opacae
722 4230 735 4290 3
785 4208 825 4288 δι
854 4201 949 4285 ideo
985 4233 1067 4291 non
1101 4230 1252 4294 tantum
1277 4209 1483 4295 iilustratur

176 4339 298 4424 atque
320 4315 510 4429 reliquum
538 4317 628 4399 huic
654 4309 777 4427 spatio
809 4317 953 4403 conico
991 4317 1297 4426 circumfusum,
1341 4325 1481 4436 iquo

173 4431 272 4512 nulli
303 4455 492 4514 arcemur.
552 4435 601 4514 Ec
632 4423 741 4539 spatii
767 4429 878 4538 hujus
908 4447 1038 4546 'partes
1064 4435 1271 4525 viciniores
1304 4431 1371 4551 ipsi
1401 4467 1483 4524 um·

172 4541 253 4623 brae
290 4544 412 4657 plcnae
456 4547 534 4640 (in
558 4548 639 4649 ejus
667 4543 889 4634 meditullio
910 4547 1075 4659 pofitic,
1106 4547 1129 4632 i
1151 4583 1234 4667 quo
1271 4565 1482 4640 omncsar.

169 4679 309 4742 centur
333 4653 476 4743 radiii
506 4659 635 4747 lucida
663 4656 805 4774 sphaera
829 4689 1032 4760 manantes
1066 4671 1085 4770 )
1128 4664 1370 4758 obscuriores
1394 4661 1482 4757 sunt
1608 4757 1613 4766 ,

776 4805 789 4906 Ι·
860 4779 907 4862 M
934 4796 959 4870 2
1366 4807 1486 4894 quam
