4420 5692
714 650 788 740 art
936 634 1462 718 attenuante
1520 633 1864 715 rnrtrta

510 783 822 870 'ranrxmmam
834 839 849 882 ‚
888 805 933 866 ut
961 786 1001 866 &
1029 778 1053 864 ὲ
1077 780 1278 866 contrario
1309 781 1554 867 incremento
1584 779 1628 863 in
1671 773 1818 866 accessu
1851 771 1902 866 ad
1930 781 2024 866 cen}

570 883 625 963 5³⁸·
648 899 677 955 ⁴·
716 925 852 997 trum,
890 895 969 980 stve
994 893 1121 982 reditu
1149 894 1200 980 ad
1232 893 1419 1012 Apstdem
1454 897 1571 984 imam
1597 927 1608 988 3
1636 917 1744 1010 patet
1786 887 2021 1010 progressum

708 1012 777 1101 vel
809 1003 1011 1122 regressum
1049 1009 1258 1097 maximum
1291 1005 1399 1110 elle,
1441 1011 1512 1097 ubi
1542 1013 1645 1096 ratio
1684 1012 1793 1094 inter
1824 1012 1936 1094 Vires
1978 1009 2019 1090 in

713 1125 923 1239 Apsrdibus
946 1126 1112 1212 maxime
1134 1127 1282 1210 recedit
1305 1127 1356 1209 ab
1381 1121 1529 1209 inversa
1553 1125 1750 1238 duplicata
1773 1123 1925 1208 ratione
1949 1115 2021 1205 dis-

713 1241 934 1326 tantiarum.
995 1245 1167 1324 Ponatur
1195 1267 1285 1324 eum
1315 1234 1390 1324 else
1420 1239 1532 1324 situm
1557 1239 1706 1323 Orbitae
1736 1238 1921 1322 Satellitis
1951 1231 2019 1320 res·

714 1361 828 1472 pedu
857 1353 984 1451 Solis,
1022 1375 1065 1434 ut
1094 1355 1175 1458 ejus
1203 1351 1368 1466 Apsrdes
1405 1352 1547 1446 sintin
1583 1353 1758 1466 Syzygiis
1786 1379 1874 1437 cum
1899 1351 2018 1434 Sole:

664 1455 679 1480 ’
711 1471 788 1552 llis
816 1491 911 1578 ergo
944 1491 1184 1554 extraneam
1212 1492 1269 1565 u,
1298 1495 1383 1580 quat
1411 1467 1628 1552 Satellitem
1654 1469 1694 1550 in
1730 1466 1904 1580 syzygiis
1934 1491 2021 1546 ver·

716 1579 862 1669 sautem
886 1605 1026 1693 urget,
1058 1581 1188 1666 ablata
1222 1579 1245 1666 al
1269 1584 1350 1679 Vi,
1386 1577 1465 1694 qud
1492 1582 1696 1670 Primarius
1723 1582 1840 1665 trahit
1871 1577 2022 1661 Satelli-

719 1724 824 1792 tem,
852 1695 1036 1806 relinquit
1060 1697 1149 1779 Vim
1172 1699 1213 1779 in
1238 1696 1414 1782 Satellite
1438 1695 1489 1778 ad
1517 1725 1563 1796 u,
1596 1698 1704 1802 cuius
1729 1697 1829 1778 ratio
1856 1691 1908 1777 ad
1934 1693 2020 1774 Vim

718 1809 887 1896 snnilitcr
913 1809 1086 1904 relidam
1114 1809 1152 1891 in
1185 1811 1361 1895 Satelltte
1389 1807 1440 1892 ad
1467 1834 1495 1892 o
1523 1811 1647 1922 magis
1680 1807 1828 1894 recedit
1851 1805 1874 1890 i
1898 1803 2022 1916 dupli·

720 1949 807 2009 cata
840 1925 1001 2006 ratione
1021 1921 1285 2007 distantiarum
1316 1925 1490 2022 inversa,
1528 1922 1711 2036 quamsi
1745 1919 1907 2036 Apstdes
1940 1943 2021 2003 non

721 2033 846 2124 ellenr-
867 2039 912 2119 in·
936 2037 1114 2150 Syaygiis
1151 2069 1162 2128 3
1194 2039 1383 2151 quoniam
1420 2037 1520 2121 ratio
1558 2039 1658 2121 inter
1682 2033 1878 2120 distantias
1911 2059 1939 2116 τ
1966 2061 2028 2126 a,

720 2181 750 2236 τ
777 2177 804 2234 o
833 2152 953 2264 magis
974 2151 1173 2265 inaequalis
1200 2153 1283 2252 est,
1308 2147 1389 2236 live
1413 2151 1568 2266 longius
1599 2149 1622 2235 ai
1653 2153 1811 2234 ratione
1835 2149 2023 2260 equalita-

720 2267 770 2350 tis
795 2267 930 2362 distat,
958 2291 1077 2376 quam
1104 2267 1205 2350 ratio
1229 2270 1331 2351 inter
1360 2267 1455 2349 alias
1476 2265 1590 2349 binas
1615 2261 1768 2377 quasvis
1793 2263 1834 2346 in
1856 2257 1928 2345 hac
1952 2268 2023 2345 Or.

720 2380 806 2463 bita
832 2409 842 2457 :
872 2373 1086 2490 progressus
1111 2403 1208 2490 ergo
1228 2378 1425 2490 'Apsrdum
1449 2379 1489 2459 in
1522 2379 1601 2460 bot
1631 2374 1717 2460 casu
1743 2379 1929 2461 maximus
1957 2378 2022 2460 est.

721 2492 900 2600 satellite
931 2519 1028 2576 vero
1056 2493 1104 2576 ad
1138 2517 1163 2574 c
1189 2519 1413 2605 pervento,
1452 2493 1520 2578 Vis
1550 2513 1734 2575 extranea
1759 2515 1850 2574 uta
1879 2515 1937 2587 u,
1963 2489 2025 2574 ad-

721 2607 805 2691 dira
829 2607 878 2692 Vi
899 2603 990 2718 qui
1010 2633 1043 2689 n·-
1069 2605 1186 2690 trahit
1214 2608 1461 2704 satellitem,
1495 2631 1577 2689 non
1611 2629 1763 2688 tanturn
1792 2603 1939 2690 inducit
1970 2631 2027 2689 re·

724 2715 866 2802 cessum
889 2717 912 2800 i
937 2723 1090 2803 ratione
1121 2719 1318 2830 duplicata
1340 2719 1601 2802 distantiarum
1622 2715 1772 2822 inversa
1802 2719 1842 2800 in
1873 2719 2026 2804 transtu

724 2827 750 2914 ὲ
778 2855 804 2911 c
833 2827 884 2912 ad
918 2854 946 2911 o
966 2861 977 2918 3
1001 2832 1188 2943 quoniam
1215 2833 1399 2918 distantiat
1428 2857 1520 2929 tc,
1547 2859 1573 2916 T
1603 2829 1867 2945 oaequantur':
1898 2837 2028 2940 Qtare

726 2942 838 3046 hujus
855 2940 923 3026 Vis
943 2942 1128 3028 addititiae
1146 2942 1303 3031 effeetus
1321 2946 1449 3030 minor
1463 2945 1535 3036 est3
1553 2947 1631 3031 hoc
1650 2947 1720 3044 est,
1734 2946 1853 3028 Orbis
1866 2945 2027 3058 Apsrdes

726 3057 854 3141 minus
877 3056 918 3137 in
938 3055 1017 3141 hoc
1040 3055 1126 3144 casu
1147 3061 1426 3173 regrediunturt
1473 3061 1674 3166 Qtoniam
1702 3087 1796 3173 ergo
1825 3058 2029 3170 Apsrdibus

726 3169 768 3252 in
785 3169 959 3282 Syzygiis
975 3167 1241 3274 versantibus,
1266 3176 1340 3259 illae
1367 3173 1601 3258 velocissime
1631 3173 1929 3286 progrediuntur
1944 3201 2028 3258 cum

727 3282 891 3368 Satelles
925 3286 1109 3396 Syzygias
1141 3285 1299 3388 tramit,
1334 3287 1617 3398 tardissimeque
1648 3287 1914 3399 regrediuntur
1943 3313 2028 3371 tum

725 3396 892 3483 Satelles
920 3399 960 3480 in
992 3401 1092 3484 Solis
1125 3401 1331 3510 Qtadrato
1364 3403 1460 3490 ests
1494 3426 1630 3512 patet,
1662 3401 1702 3482 in
1728 3403 1879 3512 integra
1912 3401 2029 3486 Satel-

727 3509 807 3590 litis
839 3511 1089 3598 revolutione
1125 3518 1224 3598 circa
1260 3507 1512 3614 Primar'ium,
1555 3511 1720 3628 Apfides
1759 3515 1800 3599 in
1837 3515 1915 3600 hoc
1948 3507 2030 3600 casu

609 3719 613 3728 ἱ
728 3620 965 3706 velociffime
996 3626 1035 3708 in
1066 3623 1342 3738 consequentia
1372 3626 1476 3712 ferri.

604 3763 613 3796 ¹
680 3779 690 3800 ·
796 3735 882 3818 Sint
906 3765 1007 3822 nunc
1034 3740 1197 3853 Apsrdes
1225 3745 1343 3826 Orbis
1374 3741 1557 3826 Satellitis
1589 3740 1630 3823 in
1666 3740 1872 3850 Qradrato
1899 3741 2027 3828 Solis:

730 3850 778 3934 In
801 3877 883 3964 quo
910 3847 995 3934 casu
1018 3858 1085 3937 Vis
1114 3883 1295 3940 extranea
1324 3885 1351 3936 n
1378 3881 1410 3938 u
1435 3857 1512 3956 jam
1543 3847 1675 3966 saepius
1707 3851 1921 3966 descripta,
1947 3881 2031 3967 quae

731 3965 946 4051 Satellitern
977 3967 1016 4046 in
1048 3969 1294 4070 Quadratum
1326 3997 1350 4048 c
1384 3963 1598 4050 versantem
1635 3995 1775 4081 urget,
1815 3969 1948 4053 addita
1983 3969 2028 4052 vi

733 4075 920 4184 primariae
948 4073 1026 4184 qud
1055 4103 1081 4156 τ
1112 4079 1226 4160 trabit
1260 4079 1502 4177 Satellitern,
1541 4081 1699 4166 conficit
1730 4081 1824 4165 Vim
1858 4109 1905 4166 ex
1937 4107 2032 4166 utra·

735 4212 814 4295 que
845 4186 1121 4299 compositam,
1161 4187 1239 4304 quai
1268 4193 1431 4276 Satelles
1460 4193 1512 4276 ad
1546 4193 1699 4278 c'srtus
1737 4195 1862 4280 rendit
1905 4191 2032 4278 versus

734 4323 764 4381 τ
785 4328 795 4387 3
820 4301 924 4402 cujus
956 4305 1054 4384 tatio
1088 4305 1138 4387 ad
1169 4305 1254 4386 Vim
1280 4304 1446 4390 similiter
1469 4305 1745 4421 compositam,
1771 4306 1848 4420 quai
1869 4309 2030 4392 Satelles

735 4409 788 4494 ad
817 4435 844 4494 u
880 4442 1088 4524 perventus
1118 4415 1245 4502 versus
1276 4420 1381 4510 idem
1410 4447 1436 4502 τ
1462 4449 1638 4534 urgetur,
1677 4425 1797 4536 magis
1836 4409 1983 4504 recedit
2008 4417 2032 4502 i

735 4525 932 4637 duplicata
965 4530 1116 4614 ratione
1147 4531 1406 4618 distantiarum
1448 4531 1627 4635 inversa,
1657 4563 1784 4651 -quam
1814 4531 1840 4618 fi
1872 4533 2032 4646 Apstdes

733 4635 954 4730 nonessent
975 4645 1017 4731 in
1044 4647 1327 4757 Quadraturim
1353 4649 1666 4768 quoniamracio
1695 4653 1799 4738 inter
1821 4675 1847 4733 τ
1877 4675 1925 4747 c,
1952 4675 1979 4732 1
2003 4671 2032 4778 p
