4336 5692
666 617 749 690 1622·
899 595 1412 679 AsTtoNomAE
1473 589 1820 669 PHYSICAE

681 743 896 826 Cometam
926 729 1165 844 conjungens
1193 723 1238 812 srt
1266 751 1359 814 tunc
1386 721 1438 812 ad
1472 725 1555 831 ejus
1575 723 1763 838 orbitam
1784 711 1996 840 perpendi·⁴

645 941 648 948 ,
684 852 841 942 culatis.
898 845 1044 936 Sed&
1075 843 1131 930 ob
1156 840 1407 958 supradidlam
1436 840 1586 928 etheris
1611 843 1857 930 resrstentiam
1875 902 1889 941 ,
1905 834 2000 924 utut

688 969 895 1080 exiguam,
922 987 1102 1045 convexa
1122 959 1233 1068 (boc
1257 958 1342 1056 est,
1367 959 1407 1042 in
1429 955 1610 1044 aetlterem
1631 957 1861 1068 incurrens)
1892 955 2000 1039 Catr

691 1085 750 1170 dae
772 1078 890 1163 facies
913 1072 1055 1189 spissior
1078 1073 1281 1188 aliquanto
1308 1076 1349 1156 &
1374 1065 1659 1186 consequenter
1689 1071 1858 1159 lucidior
1889 1067 2004 1156 vide·

693 1197 867 1284 bitur&
889 1189 1027 1276 melius
1056 1189 1407 1302 terminataquam
1433 1211 1530 1272 cava
1565 1247 1579 1286 ‚
1613 1185 1638 1272 ὲ
1671 1213 1748 1301 qua
1779 1187 1906 1280 lucem
1942 1209 2005 1292 te·

695 1314 893 1396 dedentes
916 1303 1141 1417 particulae,
1167 1301 1305 1394 relidat
1336 1300 1471 1414 quast,
1497 1301 1537 1385 in
1563 1303 1703 1387 aethera
1721 1299 2008 1386 diffunduntur.

698 1429 856 1518 Portu,
880 1419 961 1502 haec
982 1416 1130 1503 Caudae
1159 1415 1334 1502 deviatio
1364 1413 1511 1500 dSolis
1539 1415 1723 1530 oppofito
1752 1420 1792 1498 δι
1823 1416 2006 1500 incurva·
2140 1519 2141 1528 q

700 1542 759 1624 tio
790 1532 969 1633 (ceteris
996 1532 1151 1645 paribus
1177 1536 1195 1634 )
1251 1531 1376 1637 major
1408 1531 1464 1614 est
1490 1557 1651 1644 propter
1683 1555 1884 1642 utramque
1912 1553 2009 1614 cau·

702 1649 781 1739 sam
804 1645 1024 1760 praedidam
1046 1645 1117 1728 ubi
1148 1645 1329 1730 Cornetae
1360 1644 1501 1728 Orbita
1529 1646 1684 1729 curvior
1703 1645 1785 1728 est:
1837 1645 1943 1728 Nam
1959 1662 2010 1726 ut

704 1761 847 1850 Cauda
879 1752 970 1843 siti
1002 1758 1097 1844 Sole
1125 1783 1316 1872 perpetuo
1342 1753 1475 1843 aversa
1501 1758 1542 1841 in
1571 1759 1649 1844 hoc
1674 1755 1780 1844 casu.
1803 1775 2009 1874 oporteret
2142 1813 2143 1816 a

707 1881 789 1986 rjus
824 1899 1040 1958 extremum
1082 1871 1429 1958 circumferentiam
1468 1875 1701 1958 exteriorem
1742 1879 1783 1956 δι
1820 1873 2009 1977 majorem

708 1986 922 2077 describere
958 2013 1077 2184 quam
1111 1981 1233 2099 ipsum
1259 1985 1433 2102 Caput,
1473 1989 1585 2097 quod
1611 2017 1659 2072 ex
1681 2011 1793 2072 motu
1817 1982 1839 2072 ὲ
1863 1983 2008 2094 Capite

705 2103 940 2222 participato
988 2125 1100 2184 acere
1126 2101 1343 2212 nequiret,
1380 2101 1558 2214 quamvis
1589 2103 1695 2187 null'a
1723 2101 1826 2187 soret
1859 2095 2011 2184 aetheris
2145 2184 2146 2188 t

706 2213 915 2306 resistentia
943 2239 1030 2327 quae
1061 2213 1172 2297 illum
1205 2215 1409 2299 minueret.
1468 2214 1617 2300 Caudae
1645 2217 1760 2328 igitur
1794 2237 2010 2301 extremum

709 2323 927 2418 dComete'i
954 2325 1273 2426 remotiffimum,
1303 2329 1396 2440 quia
1426 2327 1772 2415 circumferentiam
1800 2331 1906 2413 istam
1931 2349 2013 2408 ma·

711 2449 835 2556 iorem
868 2465 948 2525 tam
981 2440 1096 2526 brevi
1120 2467 1298 2555 tempore
1319 2469 1402 2527 non
1438 2435 1620 2528 describit
1649 2467 1768 2557 atque
1793 2444 1927 2553 Caput
1943 2437 2014 2522 mi·

713 2585 874 2654 norem,
901 2552 1022 2666 idque
1050 2556 1106 2640 ob
1132 2553 1329 2668 duplicem
1357 2583 1476 2668 quarn
1505 2557 1758 2670 explicuimus
1791 2558 2012 2652 rationem,

714 2672 837 2785 magis
854 2669 895 2750 in
916 2668 994 2751 hoc
1018 2665 1104 2756 casu
1130 2669 1407 2754 incurvabitur.
1466 2671 1544 2755 Sed
1580 2698 1668 2758 cum
1702 2667 1805 2758 casus
1834 2671 1897 2754 hic
1918 2666 2015 2752 inci·

717 2785 787 2870 dat
824 2783 864 2864 in
902 2781 1082 2867 Cometa
1115 2784 1347 2868 Perihclium
1379 2841 1395 2882 ,
1436 2783 1504 2868 ubi
1534 2783 1675 2871 Cauda
1701 2786 1867 2899 prius'in
1892 2781 2015 2866 altum

630 3001 633 3006 ¹
716 2895 864 2985 sublata
894 2897 1056 2980 evanuit
1081 2893 1162 2980 sere
1189 2953 1205 2996 ,
1236 2901 1291 2978 ’δι
1325 2899 1393 3010 qui
1417 2925 1552 2984 recens
1582 2896 1683 2984 redii
1714 2896 1810 2985 assur
1837 2898 1867 2982 ‘t
1889 2919 2016 3008 vapor

709 3009 902 3146 §audam
925 3010 1118 3124 praecipue
1149 3009 1345 3097 constituit
1361 3009 1490 3104 rideo
1510 3039 1593 3098 non
1625 3037 1704 3104 tam
1732 3008 1797 3102 sen
1826 3011 1914 3100 bilis
1941 3009 2023 3096 erit

712 3145 952 3216 rncurvatrot

1083 3279 1662 3402 corrueret-turre

779 3465 919 3580 Figura
943 3463 1087 3549 Corol.
1112 3491 1232 3577 praec..
1257 3463 1446 3583 descripta
1485 3467 1602 3556 refert
1631 3467 1813 3557 Caudam
1839 3495 1925 3582 quoe
1960 3494 2020 3556 re·

721 3604 819 3666 vcra
845 3606 913 3692 per
930 3580 1130 3662 AEtherem
1151 3578 1174 3665 ὲ
1206 3580 1386 3667 Comctae
1403 3585 1549 3697 Capite
1565 3587 1806 3698 porrigiturt.
1833 3609 1915 3696 quo
1934 3608 2022 3668 non

723 3693 935 3791 obstante,
975 3691 1002 3775 li
1034 3697 1153 3776 Terra
1180 3696 1220 3776 dc
1247 3694 1356 3781 simul
1389 3701 1593 3808 Spectator
1615 3701 1663 3782 in·
1690 3699 1808 3784 Orbis
1838 3698 2022 3782 Cometae

723 3809 845 3924 plano
875 3806 1114 3918 reperiatur,
1132 3807 1283 3892 Caudae
1298 3837 1504 3895 curvatura
1530 3814 1756 3928 neutiquam
1773 3809 2023 3925 percipietur,

726 3925 818 4034 quia
840 3943 928 4004 tota
949 3920 990 4004 in
1011 3921 1130 4033 plano
1150 3923 1223 4005 ilio
1246 3926 1349 4026 jacet
1373 3957 1383 4006 ι
1429 3927 1480 4022 Et
1493 3927 1560 4010 vel
1588 3951 1675 4012 tota
1701 3923 1913 4039 disparebit·
1931 3953 2021 4010 cum

725 4031 846 4146 ipsum
880 4033 1015 4145 Caput
1039 4035 1220 4118 Caudam
1254 4037 1357 4121 inter
1383 4043 1423 4121 dc
1454 4041 1623 4125 Oculum
1650 4037 1822 4126 versatur
1849 4095 1863 4136 ‚
1902 4037 2021 4124 velli

724 4147 858 4260 Caput
880 4148 1006 4230 minus
1027 4142 1146 4230 suerit
1166 4151 1209 4230 dc
1227 4149 1368 4235 Cauda
1398 4147 1529 4238 versus
1550 4154 1713 4239 alterum
1736 4179 1952 4238 extremum
1969 4153 2023 4238 la-

723 4259 833 4359 tior,
858 4259 1034 4344 Crinitus
1065 4257 1144 4344 srve
1161 4262 1356 4350 Comatus
1392 4266 1561 4351 crinibus
1585 4270 1887 4380 circumquaque
1921 4267 2022 4350 cinc-

724 4395 786 4456 tus
810 4371 1030 4470 videbitur,
1056 4371 1207 4485 (atque
1223 4376 1364 4462 horum
1385 4379 1611 4464 alterutrum
1629 4377 1696 4467 sub
1719 4361 2030 4493 Opposttioitcm·

722 4487 827 4572 Solis
854 4489 896 4566 dc
918 4486 1099 4570 Comctae
1129 4490 1366 4602 continget,
1393 4491 1411 4598 )
1460 4494 1527 4578 vel
1553 4493 1724 4607 denique
1747 4496 1789 4578 in
1812 4494 1916 4579 Solis
1943 4521 2020 4608 op-

721 4597 852 4720 posito
870 4593 1024 4716 precise
1051 4595 1284 4719 spectabitur.
1301 4605 1456 4696 cauda.
1513 4609 1556 4695 Si
1583 4635 1682 4695 vero
1694 4609 1899 4723 Spectator
1912 4633 2028 4694 extra

1940 4722 2021 4835 pla.
