4376 5694
728 583 801 725 52¹8
929 627 1871 708 serranorum-errrorem

493 811 498 820 ·
543 738 711 897 '‘ip'‘{x'
731 797 833 858 verae
860 765 1161 898 Oppofirionis,
1189 763 1266 844 hoc
1290 765 1372 860 est,
1395 786 1548 874 tempus
1566 765 1729 876 quando
1743 787 1918 850 centrum
1931 765 2034 850 Urn-

593 925 603 936 r
720 883 903 976 xbrae'etit
929 909 970 962 rn
1004 911 1061 974 o,
1084 885 1125 960 δι
1157 879 1266 960 Luna
1281 878 1322 958 in
1348 901 1406 966 1²3
1447 877 1516 959 nisr
1547 878 1626 960 herc
1658 879 1743 961 duo
1773 880 2031 978 coincidant,

718 997 843 1116 ¹quod
871 995 912 1078 fit
943 1021 1030 1076 cunr
1059 1017 1235 1103 tempore
1267 1017 1367 1073 verae
1407 988 1677 1103 Oppofitionis
1717 991 1787 1074 Sol
1814 992 2029 1076 Nodorutn

719 1109 944 1200 ‚Lunarium
968 1106 1191 1200 alterutrum
1210 1128 1347 1202 tenet,
1374 1131 1456 1216 quo
1480 1100 1565 1188 casu
1595 1129 1685 1202 on,
1712 1130 1771 1188 ru
1797 1109 1837 1186 dc
1869 1130 1930 1188 or
1947 1131 2034 1186 evn-

732 1221 916 1312 nescunt:
976 1223 1022 1300 In
1054 1245 1164 1328 praec.
1208 1242 1338 1302 autem
1377 1219 1539 1300 inventa
1573 1219 1628 1300 est
1658 1247 1726 1331 per
1756 1215 2029 1303 resolutionem

734 1334 1014 1446 triangulorum
1049 1339 1203 1433 (stou,
1240 1355 1369 1430 otu,
1395 1331 1623 1442 magnitudo
1656 1329 1766 1414 arcis
1793 1357 1863 1416 nr.
1923 1333 2033 1416 Inte·

635 1453 672 1524 .'
732 1449 919 1536 niendum
958 1446 1073 1555 igitur
1094 1447 1146 1527 est
1182 1469 1336 1556 tempus
1366 1443 1589 1557 tequisltum
1612 1468 1656 1527 ut
1690 1449 1799 1530 Luna
1840 1467 2033 1556 percurrat

725 1593 830 1660 ur„
861 1565 901 1640 δε
930 1559 1089 1668 quidem
1129 1585 1209 1641 non
1237 1582 1294 1640 PL
1322 1560 1584 1670 simpliciter,
1626 1552 1692 1642 sed
1719 1584 1777 1642 ur.
1807 1545 1911 1642 ultra'
1930 1559 2032 1640 Snus

734 1672 965 1786 Motumin
990 1673 1206 1781 Eclipticas
1263 1673 1280 1779 (
1313 1699 1402 1754 narn
1433 1673 1579 1756 interea
1604 1672 1698 1756 dum
1717 1675 1826 1756 Luna
1853 1670 1982 1756 transrt
2011 1667 2033 1752 i

718 1795 830 1871 'veta
860 1782 1118 1895 Oppofitione
1150 1783 1200 1866 ad
1223 1777 1407 1895 pun'dium
1437 1780 1509 1870 suae
1538 1785 1688 1868 'Orbite
1711 1809 1848 1870 centro
1864 1783 2034 1866 ¹Urubrzc

686 1942 690 1950 ·
735 1901 982 2015 proximum,
1015 1898 1081 1979 vel
1101 1899 1153 1982 ab
1180 1899 1257 1982 hoc
1282 1901 1333 1982 ad
1356 1900 1462 1982 illam
1480 1955 1498 1997 ,·
1517 1899 1587 1982 Sol
1619 1900 1733 2010 eique
1764 1896 1930 2008 proinde
1955 1902 2035 2008 Op·

731 2013 903 2127 posrtum
925 2013 1107 2123 pundium
1127 2067 1142 2110 ,
1166 2012 1330 2096 Umbrae
1364 2036 1571 2108 centrum,
1612 2013 1652 2094 in
1679 2012 1865 2124 Ecliptica
1905 2034 2034 2120 proce-

736 2128 867 2236 ditt)
905 2121 1084 2234 quodfit
1117 2123 1354 2210 inveniendo
1389 2130 1525 2212 Motus
1553 2125 1731 2208 horarios
1761 2126 1927 2208 Solis&
1968 2126 2035 2206 Lu·

712 2267 794 2324 -nae
833 2238 1003 2347 tempori·
1034 2237 1189 2348 Eclipsrs
1224 2264 1461 2348 congruos,
1504 2243 1546 2320 de
1578 2237 1668 2322 inde
1693 2238 1830 2322 horum
1864 2234 2035 2320 differen-

737 2355 861 2449 tiam,
904 2355 1022 2435 Lunae
1063 2347 1213 2436 isole
1256 2355 1418 2436 Motum
1439 2351 1634 2434 horarium
1668 2353 1835 2462 tempori
1882 2349 2034 2459 Ecdipsrs

738 2471 1051 2574 competentem,
1076 2467 1180 2550 utin
1206 2469 1323 2578 Prop.
1366 2491 1483 2548 xxxr
1524 2495 1537 2554 r
1599 2461 1702 2547 unde
1728 2491 1796 2574 per
1819 2463 2034 2574 analogiam

736 2579 957 2662 invenietur
987 2603 1140 2690 ternpus
1171 2577 1392 2692 requifiturn
1418 2601 1461 2661 ut
1505 2580 1615 2661 Luna
1649 2573 1673 2660 ὲ
1714 2579 1808 2660 Sole
1832 2599 2034 2658 moveatur

790 2717 961 2773 tarcum
1004 2693 1206 2801 cognitum
1241 2718 1318 2774 nr.
1376 2695 1434 2774 Ex
1463 2691 1667 2802 figurarum
1699 2685 1913 2802 respedtivis
1952 2683 2037 2770 casr-

737 2719 816 2886 ffits
841 2803 1107 2913 adaptatarurn
1138 2799 1374 2912 inspediione
1414 2827 1522 2914 paret
1565 2828 1717 2914 tempus
1752 2859 1767 2900 ,
1800 2829 1898 2914 -quo
1924 2803 2037 2884 Lunn

593 2915 597 2925 '
665 2957 669 2964 ·
742 2940 921 3000 centrum·
945 2915 1000 2998 est
1032 2915 1071 2996 in
1100 2919 1292 3027 npundio
1319 2915 1482 2998 Umbrae
1505 2941 1641 3000 centro
1672 2915 1882 3028 proximo,
1902 2941 2038 3024 prece·

743 3025 838 3109 dcte
857 3031 1027 3137 Tempus
1056 3028 1323 3139 Oppofitionis
1358 3056 1460 3111 verae
1489 3027 1727 3112 celebrandae
1761 3057 1847 3116 cunr
1866 3033 1973 3110 Luna
1990 3023 2038 3110 ad

683 3195 689 3206 --
747 3140 1035 3247 upervenerit,
1087 3137 1240 3228 incasit
1269 3136 1798 3252 presentethocest,‚cum
1823 3144 2038 3224 Limamox

648 3307 650 3313 ,
743 3247 937 3362 superavit
962 3253 1128 3336 Nodum
1152 3251 1452 3352 ascendentem,
1484 3254 1596 3366 quod
1627 3253 1784 3340 obtinet
1813 3255 1930 3338 etiam
1947 3279 2039 3334 ¹cunr

741 3392 838 3448 mox
868 3359 1057 3478 superavit
1086 3368 1253 3450 Nodum
1268 3367 1587 3454 ,descendentem
1622 3399 1632 3448 r
1694 3367 1773 3451 Sed
1805 3393 1900 3476 *cum
1933 3366 2038 3447 Luna

743 3479 922 3564 nondum
946 3473 1110 3564 ass’ecuta
1136 3482 1190 3564 est
1212 3481 1390 3586 Nodos,
1436 3485 1608 3594 Tempus
1622 3479 1755 3564 mediae
1783 3477 1939 3591 Eclipfis
1972 3504 2040 3590 po-
2161 3543 2167 3574 ,

743 3592 875 3674 sterius
916 3591 990 3676 eiie
1018 3601 1214 3706 Tempore
1244 3593 1511 3706 oppofitionis
1545 3623 1644 3677 verae
1680 3625 1691 3686 r
1752 3593 1858 3678 unde
1892 3593 2040 3674 constat

743 3705 903 3816 quando
936 3711 1105 3817 Tempus
1143 3709 1245 3788 inter
1279 3736 1412 3790 veram
1450 3707 1748 3817 oppositionem
1795 3705 2039 3813 mediamque

564 3875 589 3922 ·.
741 3820 904 3932 Felipfin
927 3820 1122 3930 -Tcmpori
1153 3817 1394 3931 Oppfirionis
1436 3821 1661 3902 addendum
1688 3819 1739 3903 fit
1759 3820 1919 3929 quando
1957 3813 2039 3900 sub·

739 3931 991 4032 ducendum,
1018 3957 1061 4019 ut
1078 3933 1307 4018 conficiatur
1328 3938 1501 4042 Tempus
1532 3933 1666 4016 mediae
1689 3933 1855 4043 Eclipfist

798 4045 979 4128 Artifices
993 4047 1115 4155 vulgo
1144 4045 1311 4128 Tabulas
1331 4049 1507 4130 condunt
1532 4049 1767 4155 Temporis,
1794 4071 1878 4154 quo
1904 4067 2039 4126 trar-

742 4182 811 4238 tus
844 4158 1105 4268 percurritur,
1132 4157 1304 4244 addendi
1331 4183 1397 4239 aut
1420 4154 1679 4242 substrahendi
1707 4157 1729 4240 t
1763 4168 1958 4267 Tempore
1971 4161 2039 4267 Sy·

740 4269 857 4380 zygiae
880 4297 1010 4376 uerae,
1039 4291 1083 4350 ut
1107 4267 1174 4353 fiet
1190 4273 1369 4383 Tempus
1394 4269 1550 4384 Eclipfis
1586 4271 1722 4354 mediae
1753 4296 1821 4354 aut
1853 4264 2038 4354 Obscura·

742 4383 859 4466 tionis
896 4381 1090 4464 maxine,
1142 4389 1313 4495 Tempus
1341 4385 1420 4470 hoc
1452 4389 1601 4467 verrium
1630 4387 1681 4468 est
1714 4380 1786 4496 pro
1813 4383 1925 4465 varia
1950 4386 2039 4464 Mo·

739 4491 801 4575 rtis
828 4489 994 4578 Lunaei
1034 4494 1130 4584 Sole
1165 4495 1377 4582 velocitate
1418 4503 1459 4580 dc
1495 4500 1601 4582 varia
1633 4497 1809 4582 distantia
1849 4495 2040 4578 duodo.

738 4607 910 4705 Tabulas
936 4599 1050 4694 hasce
1079 4666 1097 4710 ,
1125 4632 1179 4699 *ut
1213 4614 1316 4721 prius
1346 4611 1514 4696 illerde
1555 4611 1701 4722 quibus
1746 4611 1877 4692 Schol.
1922 4613 2039 4716 Prop.

1875 4744 2037 4817 xxxvu
