4322 5686
695 509 768 607 7³6
889 499 1827 580 asrnouoatratursrea

699 629 895 746 mispharii
931 631 1088 716 Lunaris
1109 633 1249 714 'Terra
1282 625 1505 733 subjacentis
1533 629 1548 724 ,'
1588 628 1657 712 Sol
1680 627 1734 711 de
1760 627 1824 710 die
1853 623 2027 709 celeriter

636 751 651 776 ⁶
698 745 764 830 sub
807 744 905 824 Fixis
934 743 974 822 in
1011 765 1139 823 ortum
1179 737 1402 850 promoveri
1434 737 1669 828 videbiturs
1709 739 1909 820 celerrime
1942 731 2025 842 ipso

698 852 856 938 meridie
883 886 892 931 ι
919 853 1050 932 'noue
1073 847 1177 932 vero
1213 847 1282 930 Sol
1309 845 1418 928 tarde
1447 845 1687 956 progreditur
1703 841 1771 926 sub
1793 845 1919 930 Fixiss
1950 867 2025 924 tar-

698 962 841 1046 diffime
868 956 991 1042 medii
1023 960 1149 1038 node.
1235 955 1456 1064 Eademque
1486 983 1580 1036 vera
1607 951 1690 1036 sunt
1717 953 1765 1035 de
1807 956 2029 1035 Venere&

700 1070 938 1163 Mercurio,
981 1067 1125 1174 quippe
1154 1091 1275 1175 prope
1300 1065 1432 1148 Solem
1464 1089 1651 1174 perpetuo
1690 1061 1948 1158 haerentibus,
1987 1063 2027 1164 dc

698 1183 813 1264 etiam
841 1175 889 1258 de
914 1177 1041 1256 Marte
1068 1174 1149 1255 Soli
1187 1173 1392 1276 conjuncto
1416 1233 1429 1270 ,
1463 1175 1552 1254 licet
1578 1173 1633 1254 ob
1659 1173 1812 1254 nimiam
1836 1171 1915 1266 eius
1941 1193 2028 1250 tum

625 1333 633 1340 ·
699 1285 883 1396 temporis
919 1280 1078 1384 ahma
1108 1280 1320 1364 distantiam
1360 1285 1479 1364 minus
1514 1279 1584 1362 smt
1608 1280 1836 1368 notabilia;
1877 1273 2030 1360 insensa-

698 1395 790 1478 bilia
811 1391 906 1474 verd
963 1387 1084 1472 torsus
1110 1387 1192 1472 sunt
1216 1391 1255 1472 in
1284 1391 1384 1496 Jove
1414 1395 1453 1472 &
1482 1391 1646 1472 Saturno
1674 1387 1725 1470 ad
1749 1411 1873 1496 partes
1899 1381 2030 1468 versus

700 1505 831 1588 Solem
876 1418 1016 1608 politis,
1100 1497 1221 1614 Qdd
1248 1497 1282 1580 st
1307 1495 1538 1608 superiorum
1573 1498 1707 1610 aliquis
1737 1495 1759 1579 ὲ
1788 1498 1893 1577 Luna
1924 1489 2031 1576 visus

700 1614 782 1696 Soli
814 1639 839 1692 o
870 1633 1033 1716 ponatur
1073 1667 1085 1703 ,
1136 1637 1219 1720 quo
1257 1603 1343 1690 casu
1378 1605 1620 1718 retrogradus
1653 1607 1742 1704 est,
1793 1601 1943 1714 degenti
1984 1604 2031 1683 in

703 1638 916 1804 meditullio
945 1713 1069 1798 hemis
1089 1717 1189 1800 haeni
1219 1715 1243 1800 i
1277 1721 1396 1800 Terra
1425 1715 1544 1798 aversr
1572 1775 1586 1814 ,
1627 1711 1741 1798 solito
1762 1715 1882 1822 magis
1906 1735 2032 1794 tetro·

702 1828 841 1942 gradus
869 1829 982 1906 node
1012 1743 1242 1922 videbitur,
1284 1823 1347 1908 die
1366 1821 1479 1908 solito
1506 1827 1629 1908 minus
1655 1856 1666 1914 ;
1711 1847 1823 1934 atque
1851 1821 2028 1903 omnium

702 1937 856 2020 minime
881 1933 946 2014 vel
970 1933 1134 2015 maxime
1161 1927 1241 2044 ipso
1264 1928 1420 2016 m'eridie
1446 1983 1461 2030 s
1508 1932 1684 2018 mediare
1707 1935 1835 2014 node.
1921 1929 2032 2011 Simi-

703 2047 865 2154 literque
902 2041 1058 2152 degenti
1098 2044 1137 2124 in
1175 2045 1288 2124 Lunae
1324 2044 1480 2152 regione
1512 2101 1526 2140 ,
1575 2045 1637 2124 cui
1675 2040 1804 2123 Tellus
1833 2039 2032 2120 imminere

704 2157 866 2237 cernitur
901 2209 913 2247 ,
957 2151 1115 2233 Planeta
1159 2152 1240 2233 Soli
1282 2149 1478 2288 oposrtus
1518 2151 1689 2234 omnium
1725 2149 1882 2249 minime
1913 2173 2033 2230 retro·

704 2261 842 2374 gradus
870 2259 1064 2352 videbitur
1092 2265 1205 2342 node
1232 2177 1358 2343 media
1392 2319 1406 2358 ,
1447 2261 1695 2368 omniumque
1728 2257 1895 2340 maxime
1923 2257 2033 2339 meri·

704 2371 780 2453 die.
851 2369 988 2477 Atque
1011 2367 1091 2449 'irate
1120 2369 1158 2448 in
1187 2372 1312 2451 Marte
1339 2367 1458 2478 duplo
1487 2364 1568 2452 sunt
1595 2363 1821 2451 senlibiliora
1846 2364 2033 2478 qudmin

704 2479 835 2564 Sole:
893 2481 937 2560 In
977 2477 1079 2584 Jove
1119 2501 1245 2559 autem
1288 2501 1354 2559 aut
1391 2481 1556 2561 Saturno
1598 2471 1827 2560 evanescunt
1866 2474 1949 2557 fere
1976 2475 2033 2556 ha

704 2586 940 2670 differentiae.
1029 2586 1208 2668 Similiter
1248 2587 1406 2669 Planeta
1434 2587 1613 2698 aliquis,
1658 2589 1728 2696 qui
1771 2584 1942 2668 &Terra
1965 2585 2035 2666 sta·

700 2695 891 2778 t'ionarius
919 2717 1115 2802 apparet,
1151 2693 1176 2774 st
1205 2692 1227 2776 ὲ
1255 2695 1361 2776 Luna
1390 2695 1535 2778 Telluri
1565 2691 1608 2776 stt
1636 2692 1871 2826 oppositus,
1911 2716 2033 2775 tetro-

707 2801 845 2916 gradus
869 2800 1095 2890 videbitur;
1142 2803 1284 2884 Telluri
1309 2801 1405 2886 verd
1431 2804 1638 2908 coniunctis
1666 2832 1689 2884 e
1714 2825 1848 2886 contra
1871 2799 2033 2886 dneaus

556 3007 559 3014 Ι
694 2940 758 3021 ¹ap
790 2910 949 3006 arebit,
990 2908 1098 3018 quod
1125 2912 1162 2992 in
1192 2915 1345 2994 Venere
1373 2913 1537 3000 maxime
1559 2912 1629 2995 erit
1648 2908 1827 2995 senlibile.

850 3043 1014 3098 onomus
1040 3018 1082 3098 in
1111 3021 1219 3100 [una
1247 3021 1468 3102 constitutus
1495 3080 1508 3118 ,
1551 3027 1591 3103 δι
1615 3017 1741 3104 motin
1769 2985 2034 3103 domicilipsui

709 3126 810 3207 eirea
836 3129 1030 3221 Terram,
1070 3131 1275 3239 Terraque
1301 3129 1399 3212 circa
1425 3130 1555 3212 Solem
1583 3131 1772 3242 ignarus,
1809 3131 1852 3210 in
1875 3123 2034 3230 cujusvis

706 3235 872 3316 Planetae
896 3233 1065 3338 Theotia
1097 3233 1337 3332 condenda,
1386 3239 1573 3346 Epicydis
1599 3239 1779 3321 omnibus
1817 3237 1867 3320 ab
1899 3237 2033 3320 Astro-

542 3397 550 3418 .
707 3370 828 3424 nomo
871 3341 1051 3424 Terrestri
1080 3372 1177 3426 exeo
1206 3347 1306 3426 itatis
1343 3347 1565 3455 Epicyclum
1603 3363 1754 3429 novum
1789 3407 1807 3442 ,¹
1844 3347 1907 3428 vel
1939 3346 2037 3454 Epi-

709 3451 846 3556 cyelo·
864 3450 1126 3560 Epicyclum,
1178 3373 1401 3563 luperaddet
1435 3513 1449 3552 ,
1498 3483 1579 3565 quo
1611 3457 1887 3557 inaequalitates
1924 3451 2037 3562 supra

707 3583 938 3683 memoratas
977 3560 1153 3693 explicet.
1196 3655 1201 3662 ‚
1239 3555 1315 3640 Ex.
1339 3590 1402 3668 gr.
1428 3565 1655 3646 Excentrico
1684 3567 1784 3648 Solis
1814 3567 1910 3646 circa
1938 3569 2036 3644 Ter-

705 3692 790 3747 ram
812 3661 1000 3773 descnpto
1031 3697 1054 3749 a
1081 3671 1277 3752 Tetricola
1298 3669 1476 3754 adhibito
1506 3675 1675 3771 (etenim
1703 3671 1927 3768 Tetricola,
1970 3671 2037 3752 ad-

709 3769 817 3856 millo
846 3774 989 3857 circulo
1026 3779 1253 3861 Excentrico
1287 3837 1300 3875 ,
1358 3781 1389 3862 E
1418 3779 1543 3887 icyclo
1572 3809 1651 3863 non
1680 3781 1821 3894 indiget
1852 3777 1906 3861 ad
1937 3781 2039 3862 Solis

708 3907 859 3964 motum
885 3882 1183 3992 explicandum)
1221 3884 1367 4077 superin
1398 3914 1483 3970 ucet
1512 3889 1770 4017 Epicyclum,
1821 3889 2040 4000 Solemque

709 3989 749 4069 in
776 3990 853 4073 hoc
882 4017 1003 4100 ponet
1035 3992 1110 4077 diei
1148 3991 1220 4078 ¹suae
1273 3995 1380 4104 patio
1413 3996 1573 4078 circumr
1619 4026 1711 4096 arr,
1752 3996 1846 4080 dum
1881 3999 2037 4080 interim

710 4097 882 4206 Epicycli
906 4113 1079 4185 'centrum
1110 4104 1396 4188 inExcentrieo
1430 4129 1540 4191 motu
1568 4023 1697 4189 guno
1723 4105 1893 4189 defertur
1920 4140 1930 4185 :
1974 4107 2037 4189 Sic

552 4282 558 4289 .
623 4253 630 4265 ·
710 4205 812 4283 enim
841 4190 908 4287 det
937 4232 981 4290 ut
1002 4213 1103 4294 Solis
1127 4212 1363 4324 inaequalitas
1397 4211 1529 4296 diurna
1554 4215 1604 4297 ab
1630 4213 1870 4299 Astronomo
1896 4211 2037 4296 Lunari

694 4303 913 4396 observata
950 4319 1193 4426 explicetur,
1236 4321 1263 4406 li
1287 4333 1314 4420 ,'
1348 4317 1440 4406 duur
1470 4325 1606 4408 incola
1632 4325 1773 4409 Lunati
1803 4323 1873 4438 qui
1893 4327 2037 4514 ὢν,

865 4466 869 4479 ·
1613 4453 1615 4458 ·
2004 4451 2030 4508 e
