<?xml version="1.0" encoding="UTF-8"?>
<!DOCTYPE html PUBLIC "-//W3C//DTD XHTML 1.0 Transitional//EN"
    "http://www.w3.org/TR/xhtml1/DTD/xhtml1-transitional.dtd">
<html xmlns="http://www.w3.org/1999/xhtml" xml:lang="en" lang="en">
 <head>
  <title>
</title>
<meta http-equiv="Content-Type" content="text/html;charset=utf-8" />
  <meta name='ocr-system' content='tesseract 3.04.00' />
  <meta name='ocr-capabilities' content='ocr_page ocr_carea ocr_par ocr_line ocrx_word'/>
</head>
<body>
  <div class='ocr_page' id='page_1' title='image "./davidisgregorii00huargoog_0350.png"; bbox 0 0 4322 5686; ppageno 0'>
   <div class='ocr_carea' id='block_1_1' title="bbox 269 533 1450 636">
    <p class='ocr_par' dir='ltr' id='par_1_1' title="bbox 269 533 1450 636">
     <span class='ocr_line' id='line_1_1' title="bbox 269 533 1450 636; baseline -0.006 -10"><span class='ocrx_word' id='word_1_1' title='bbox 269 533 754 626; x_wconf 68' lang='lat' dir='ltr'>o&#39;otoarnrnrca</span> <span class='ocrx_word' id='word_1_2' title='bbox 776 541 1114 623; x_wconf 68' lang='lat' dir='ltr'>arenarum.</span> <span class='ocrx_word' id='word_1_3' title='bbox 1151 543 1304 622; x_wconf 58' lang='lat' dir='ltr'>tra-‚ut</span> <span class='ocrx_word' id='word_1_4' title='bbox 1377 559 1450 636; x_wconf 75' lang='lat'>709</span> 
     </span>
    </p>
   </div>
   <div class='ocr_carea' id='block_1_2' title="bbox 88 667 1539 2304">
    <p class='ocr_par' dir='ltr' id='par_1_2' title="bbox 88 667 1539 2304">
     <span class='ocr_line' id='line_1_2' title="bbox 121 667 1449 790; baseline -0.008 -32"><span class='ocrx_word' id='word_1_5' title='bbox 121 669 318 790; x_wconf 73' lang='lat' dir='ltr'>hdeoque</span> <span class='ocrx_word' id='word_1_6' title='bbox 359 681 491 759; x_wconf 78' lang='lat' dir='ltr'>Venus</span> <span class='ocrx_word' id='word_1_7' title='bbox 532 677 580 758; x_wconf 78' lang='grc' dir='ltr'>δι’</span> <span class='ocrx_word' id='word_1_8' title='bbox 614 679 732 759; x_wconf 84' lang='lat' dir='ltr'>Terra</span> <span class='ocrx_word' id='word_1_9' title='bbox 783 673 865 758; x_wconf 83' lang='lat' dir='ltr'>Soli</span> <span class='ocrx_word' id='word_1_10' title='bbox 904 674 1084 788; x_wconf 83' lang='lat' dir='ltr'>oppositae</span> <span class='ocrx_word' id='word_1_11' title='bbox 1122 732 1135 772; x_wconf 88' lang='lat'>‚</span> <span class='ocrx_word' id='word_1_12' title='bbox 1190 673 1306 780; x_wconf 86' lang='lat' dir='ltr'>pleno</span> <span class='ocrx_word' id='word_1_13' title='bbox 1342 667 1449 752; x_wconf 85' lang='lat' dir='ltr'>Orbe</span> 
     </span>
     <span class='ocr_line' id='line_1_3' title="bbox 117 778 1448 896; baseline -0.007 -32"><span class='ocrx_word' id='word_1_14' title='bbox 117 783 311 895; x_wconf 84' lang='lat' dir='ltr'>fulgentes</span> <span class='ocrx_word' id='word_1_15' title='bbox 360 778 562 896; x_wconf 77' lang='lat' dir='ltr'>radiosque</span> <span class='ocrx_word' id='word_1_16' title='bbox 597 786 698 867; x_wconf 85' lang='lat' dir='ltr'>Solis</span> <span class='ocrx_word' id='word_1_17' title='bbox 728 797 845 896; x_wconf 82' lang='lat' dir='ltr'>quam</span> <span class='ocrx_word' id='word_1_18' title='bbox 876 781 1108 867; x_wconf 67' lang='lat' dir='ltr'>diredlilsrme</span> <span class='ocrx_word' id='word_1_19' title='bbox 1142 780 1448 890; x_wconf 83' lang='lat' dir='ltr'>repercutientes,</span> 
     </span>
     <span class='ocr_line' id='line_1_4' title="bbox 117 881 1539 1006; baseline 0.002 -33"><span class='ocrx_word' id='word_1_20' title='bbox 117 893 316 975; x_wconf 84' lang='lat' dir='ltr'>Mercurio</span> <span class='ocrx_word' id='word_1_21' title='bbox 348 893 546 1000; x_wconf 67' lang='lat' dir='ltr'>pernooles</span> <span class='ocrx_word' id='word_1_22' title='bbox 585 887 670 974; x_wconf 87' lang='lat' dir='ltr'>sunt</span> <span class='ocrx_word' id='word_1_23' title='bbox 716 888 966 1006; x_wconf 65' lang='lat' dir='ltr'>tenebrasque</span> <span class='ocrx_word' id='word_1_24' title='bbox 988 918 1187 1002; x_wconf 86' lang='lat' dir='ltr'>potenter</span> <span class='ocrx_word' id='word_1_25' title='bbox 1232 881 1446 994; x_wconf 87' lang='lat' dir='ltr'>dispellunt·</span> <span class='ocrx_word' id='word_1_26' title='bbox 1536 969 1539 976; x_wconf 88' lang='lat'>.</span> 
     </span>
     <span class='ocr_line' id='line_1_5' title="bbox 123 996 1448 1106; baseline -0.005 -23"><span class='ocrx_word' id='word_1_27' title='bbox 123 996 231 1094; x_wconf 79' lang='lat' dir='ltr'>Clam</span> <span class='ocrx_word' id='word_1_28' title='bbox 271 1001 374 1082; x_wconf 90' lang='lat' dir='ltr'>enim</span> <span class='ocrx_word' id='word_1_29' title='bbox 408 1003 539 1084; x_wconf 86' lang='lat' dir='ltr'>Venus</span> <span class='ocrx_word' id='word_1_30' title='bbox 571 1002 648 1106; x_wconf 87' lang='lat' dir='ltr'>jam</span> <span class='ocrx_word' id='word_1_31' title='bbox 684 1003 895 1094; x_wconf 86' lang='lat' dir='ltr'>incomua</span> <span class='ocrx_word' id='word_1_32' title='bbox 922 1003 1090 1085; x_wconf 77' lang='lat' dir='ltr'>abiens,</span> <span class='ocrx_word' id='word_1_33' title='bbox 1140 1005 1186 1082; x_wconf 79' lang='lat' dir='ltr'>oc.</span> <span class='ocrx_word' id='word_1_34' title='bbox 1234 1021 1354 1080; x_wconf 87' lang='lat' dir='ltr'>artem</span> <span class='ocrx_word' id='word_1_35' title='bbox 1378 997 1448 1078; x_wconf 86' lang='lat' dir='ltr'>nri-</span> 
     </span>
     <span class='ocr_line' id='line_1_6' title="bbox 114 1024 1446 1218; baseline -0.002 -29"><span class='ocrx_word' id='word_1_36' title='bbox 114 1109 257 1190; x_wconf 91' lang='lat' dir='ltr'>nimam</span> <span class='ocrx_word' id='word_1_37' title='bbox 291 1103 346 1190; x_wconf 86' lang='lat' dir='ltr'>sul</span> <span class='ocrx_word' id='word_1_38' title='bbox 386 1103 631 1218; x_wconf 73' lang='lat' dir='ltr'>hemisphaerii</span> <span class='ocrx_word' id='word_1_39' title='bbox 663 1110 833 1192; x_wconf 88' lang='lat' dir='ltr'>illustrati</span> <span class='ocrx_word' id='word_1_40' title='bbox 860 1111 1063 1194; x_wconf 85' lang='lat' dir='ltr'>Terricolis</span> <span class='ocrx_word' id='word_1_41' title='bbox 1091 1024 1328 1202; x_wconf 80' lang='lat' dir='ltr'>ostendens,</span> <span class='ocrx_word' id='word_1_42' title='bbox 1367 1127 1446 1198; x_wconf 89' lang='lat' dir='ltr'>tam</span> 
     </span>
     <span class='ocr_line' id='line_1_7' title="bbox 117 1211 1447 1328; baseline -0.002 -32"><span class='ocrx_word' id='word_1_43' title='bbox 117 1215 245 1299; x_wconf 92' lang='lat' dir='ltr'>lucida</span> <span class='ocrx_word' id='word_1_44' title='bbox 280 1213 325 1299; x_wconf 83' lang='lat' dir='ltr'>fit</span> <span class='ocrx_word' id='word_1_45' title='bbox 353 1242 396 1300; x_wconf 92' lang='lat' dir='ltr'>ut</span> <span class='ocrx_word' id='word_1_46' title='bbox 425 1215 601 1301; x_wconf 88' lang='lat' dir='ltr'>umbram</span> <span class='ocrx_word' id='word_1_47' title='bbox 628 1219 834 1328; x_wconf 85' lang='lat' dir='ltr'>projiciat,</span> <span class='ocrx_word' id='word_1_48' title='bbox 871 1216 1089 1302; x_wconf 81' lang='lat' dir='ltr'>lucidilsrma</span> <span class='ocrx_word' id='word_1_49' title='bbox 1115 1211 1312 1326; x_wconf 86' lang='lat' dir='ltr'>apparebit</span> <span class='ocrx_word' id='word_1_50' title='bbox 1342 1215 1447 1296; x_wconf 89' lang='lat' dir='ltr'>Mer-</span> 
     </span>
     <span class='ocr_line' id='line_1_8' title="bbox 115 1320 1447 1436; baseline -0.002 -30"><span class='ocrx_word' id='word_1_51' title='bbox 115 1325 267 1423; x_wconf 88' lang='lat' dir='ltr'>curio,</span> <span class='ocrx_word' id='word_1_52' title='bbox 316 1327 379 1408; x_wconf 85' lang='lat' dir='ltr'>cui</span> <span class='ocrx_word' id='word_1_53' title='bbox 413 1327 605 1436; x_wconf 90' lang='lat' dir='ltr'>integrum</span> <span class='ocrx_word' id='word_1_54' title='bbox 635 1322 688 1408; x_wconf 89' lang='lat' dir='ltr'>sui</span> <span class='ocrx_word' id='word_1_55' title='bbox 721 1320 1018 1434; x_wconf 69' lang='lat' dir='ltr'>hemispherium</span> <span class='ocrx_word' id='word_1_56' title='bbox 1047 1327 1268 1409; x_wconf 86' lang='lat' dir='ltr'>illustratum</span> <span class='ocrx_word' id='word_1_57' title='bbox 1305 1321 1447 1404; x_wconf 82' lang='lat' dir='ltr'>obver-</span> 
     </span>
     <span class='ocr_line' id='line_1_9' title="bbox 116 1429 1448 1546; baseline -0.002 -31"><span class='ocrx_word' id='word_1_58' title='bbox 116 1433 176 1515; x_wconf 88' lang='lat' dir='ltr'>tit.</span> <span class='ocrx_word' id='word_1_59' title='bbox 266 1435 420 1546; x_wconf 84' lang='lat' dir='ltr'>Magnae</span> <span class='ocrx_word' id='word_1_60' title='bbox 466 1460 637 1543; x_wconf 89' lang='lat' dir='ltr'>quoque·</span> <span class='ocrx_word' id='word_1_61' title='bbox 665 1431 750 1517; x_wconf 93' lang='lat' dir='ltr'>sunt</span> <span class='ocrx_word' id='word_1_62' title='bbox 777 1441 903 1518; x_wconf 84' lang='lat' dir='ltr'>Terrae</span> <span class='ocrx_word' id='word_1_63' title='bbox 931 1435 1031 1517; x_wconf 86' lang='lat' dir='ltr'>vires</span> <span class='ocrx_word' id='word_1_64' title='bbox 1058 1435 1098 1514; x_wconf 93' lang='lat' dir='ltr'>in</span> <span class='ocrx_word' id='word_1_65' title='bbox 1127 1433 1226 1514; x_wconf 89' lang='lat' dir='ltr'>Solis</span> <span class='ocrx_word' id='word_1_66' title='bbox 1252 1429 1363 1512; x_wconf 89' lang='lat' dir='ltr'>radiis</span> <span class='ocrx_word' id='word_1_67' title='bbox 1391 1459 1448 1512; x_wconf 93' lang='lat' dir='ltr'>re·</span> 
     </span>
     <span class='ocr_line' id='line_1_10' title="bbox 115 1535 1448 1654; baseline -0.002 -31"><span class='ocrx_word' id='word_1_68' title='bbox 115 1541 346 1638; x_wconf 64' lang='lat' dir='ltr'>flectendis,</span> <span class='ocrx_word' id='word_1_69' title='bbox 387 1557 431 1624; x_wconf 87' lang='lat' dir='ltr'>ut&#39;</span> <span class='ocrx_word' id='word_1_70' title='bbox 460 1543 605 1625; x_wconf 87' lang='lat' dir='ltr'>constat</span> <span class='ocrx_word' id='word_1_71' title='bbox 632 1570 680 1624; x_wconf 85' lang='lat' dir='ltr'>ex</span> <span class='ocrx_word' id='word_1_72' title='bbox 709 1542 822 1640; x_wconf 90' lang='lat' dir='ltr'>luce,</span> <span class='ocrx_word' id='word_1_73' title='bbox 862 1571 940 1654; x_wconf 90' lang='lat' dir='ltr'>qua</span> <span class='ocrx_word' id='word_1_74' title='bbox 963 1545 1078 1626; x_wconf 74' lang='lat' dir='ltr'>Luna</span> <span class='ocrx_word' id='word_1_75' title='bbox 1105 1536 1246 1623; x_wconf 88' lang='lat' dir='ltr'>discum</span> <span class='ocrx_word' id='word_1_76' title='bbox 1274 1535 1343 1621; x_wconf 89' lang='lat' dir='ltr'>srbi</span> <span class='ocrx_word' id='word_1_77' title='bbox 1375 1539 1448 1620; x_wconf 86' lang='lat' dir='ltr'>ob·</span> 
     </span>
     <span class='ocr_line' id='line_1_11' title="bbox 111 1645 1536 1760; baseline -0.005 -29"><span class='ocrx_word' id='word_1_78' title='bbox 111 1645 266 1732; x_wconf 79' lang='lat' dir='ltr'>versum</span> <span class='ocrx_word' id='word_1_79' title='bbox 294 1647 490 1760; x_wconf 88' lang='lat' dir='ltr'>perfundit</span> <span class='ocrx_word' id='word_1_80' title='bbox 525 1685 535 1731; x_wconf 81' lang='lat' dir='ltr'>r</span> <span class='ocrx_word' id='word_1_81' title='bbox 579 1651 655 1734; x_wconf 87' lang='lat' dir='ltr'>Sed</span> <span class='ocrx_word' id='word_1_82' title='bbox 683 1651 763 1734; x_wconf 84' lang='lat' dir='ltr'>hacc</span> <span class='ocrx_word' id='word_1_83' title='bbox 792 1675 871 1734; x_wconf 87' lang='lat' dir='ltr'>tarn</span> <span class='ocrx_word' id='word_1_84' title='bbox 900 1649 923 1734; x_wconf 74' lang='lat' dir='ltr'>a</span> <span class='ocrx_word' id='word_1_85' title='bbox 951 1653 1043 1734; x_wconf 86' lang='lat' dir='ltr'>Sole</span> <span class='ocrx_word' id='word_1_86' title='bbox 1075 1649 1284 1732; x_wconf 89' lang='lat' dir='ltr'>illustrante</span> <span class='ocrx_word' id='word_1_87' title='bbox 1328 1675 1447 1758; x_wconf 88' lang='lat' dir='ltr'>quam</span> <span class='ocrx_word' id='word_1_88' title='bbox 1533 1717 1536 1724; x_wconf 91' lang='lat'><em>.</em></span> 
     </span>
     <span class='ocr_line' id='line_1_12' title="bbox 113 1753 1446 1871; baseline -0.002 -30"><span class='ocrx_word' id='word_1_89' title='bbox 113 1753 139 1841; x_wconf 69' lang='grc' dir='ltr'>ὲ</span> <span class='ocrx_word' id='word_1_90' title='bbox 173 1759 368 1841; x_wconf 90' lang='lat' dir='ltr'>Mercurlo</span> <span class='ocrx_word' id='word_1_91' title='bbox 393 1757 621 1842; x_wconf 84' lang='lat' dir='ltr'>sslullrando</span> <span class='ocrx_word' id='word_1_92' title='bbox 643 1759 797 1871; x_wconf 87' lang='lat' dir='ltr'>longius</span> <span class='ocrx_word' id='word_1_93' title='bbox 823 1758 944 1843; x_wconf 87' lang='lat' dir='ltr'>diffita</span> <span class='ocrx_word' id='word_1_94' title='bbox 969 1761 1134 1842; x_wconf 86' lang='lat' dir='ltr'>minores</span> <span class='ocrx_word' id='word_1_95' title='bbox 1164 1754 1281 1870; x_wconf 80' lang='lat' dir='ltr'>qudm</span> <span class='ocrx_word' id='word_1_96' title='bbox 1314 1759 1446 1852; x_wconf 85' lang='lat' dir='ltr'>Venus</span> 
     </span>
     <span class='ocr_line' id='line_1_13' title="bbox 116 1863 1445 1978; baseline 0 -29"><span class='ocrx_word' id='word_1_97' title='bbox 116 1868 222 1949; x_wconf 85' lang='lat' dir='ltr'>vires</span> <span class='ocrx_word' id='word_1_98' title='bbox 259 1867 297 1947; x_wconf 94' lang='lat' dir='ltr'>in</span> <span class='ocrx_word' id='word_1_99' title='bbox 325 1865 403 1949; x_wconf 94' lang='lat' dir='ltr'>hoc</span> <span class='ocrx_word' id='word_1_100' title='bbox 429 1869 590 1978; x_wconf 90' lang='lat' dir='ltr'>negotio</span> <span class='ocrx_word' id='word_1_101' title='bbox 618 1866 828 1956; x_wconf 85' lang='lat' dir='ltr'>ostendctr</span> <span class='ocrx_word' id='word_1_102' title='bbox 877 1866 943 1950; x_wconf 87' lang='lat' dir='ltr'>nisr</span> <span class='ocrx_word' id='word_1_103' title='bbox 964 1863 1089 1951; x_wconf 79' lang='lat' dir='ltr'>forsan</span> <span class='ocrx_word' id='word_1_104' title='bbox 1117 1867 1313 1976; x_wconf 89' lang='lat' dir='ltr'>potentius</span> <span class='ocrx_word' id='word_1_105' title='bbox 1341 1872 1445 1949; x_wconf 84' lang='lat' dir='ltr'>relle-</span> 
     </span>
     <span class='ocr_line' id='line_1_14' title="bbox 88 1970 1442 2088; baseline 0.001 -32"><span class='ocrx_word' id='word_1_106' title='bbox 88 1975 189 2057; x_wconf 70' lang='lat' dir='ltr'>&#39;stat</span> <span class='ocrx_word' id='word_1_107' title='bbox 217 1975 344 2056; x_wconf 74' lang='lat' dir='ltr'>lunien</span> <span class='ocrx_word' id='word_1_108' title='bbox 369 1970 486 2088; x_wconf 74' lang='lat' dir='ltr'>quam</span> <span class='ocrx_word' id='word_1_109' title='bbox 512 1979 669 2072; x_wconf 82' lang='lat' dir='ltr'>Venus,</span> <span class='ocrx_word' id='word_1_110' title='bbox 704 1975 815 2088; x_wconf 86' lang='lat' dir='ltr'>quod</span> <span class='ocrx_word' id='word_1_111' title='bbox 843 2004 922 2059; x_wconf 94' lang='lat' dir='ltr'>non</span> <span class='ocrx_word' id='word_1_112' title='bbox 951 1977 1010 2058; x_wconf 89' lang='lat' dir='ltr'>est</span> <span class='ocrx_word' id='word_1_113' title='bbox 1033 1972 1247 2058; x_wconf 88' lang='lat' dir='ltr'>verisrmile.</span> <span class='ocrx_word' id='word_1_114' title='bbox 1308 1975 1442 2083; x_wconf 84' lang='lat' dir='ltr'>&#39;Supe-</span> 
     </span>
     <span class='ocr_line' id='line_1_15' title="bbox 108 2081 1442 2170; baseline 0.003 -6"><span class='ocrx_word' id='word_1_115' title='bbox 108 2085 260 2170; x_wconf 81' lang='lat' dir='ltr'>rIQrum</span> <span class='ocrx_word' id='word_1_116' title='bbox 298 2081 431 2165; x_wconf 58' lang='lat' dir='ltr'>adhuc,</span> <span class='ocrx_word' id='word_1_117' title='bbox 457 2084 623 2166; x_wconf 83' lang='lat' dir='ltr'>minores</span> <span class='ocrx_word' id='word_1_118' title='bbox 656 2081 740 2166; x_wconf 93' lang='lat' dir='ltr'>sunt</span> <span class='ocrx_word' id='word_1_119' title='bbox 774 2087 812 2167; x_wconf 90' lang='lat' dir='ltr'>in</span> <span class='ocrx_word' id='word_1_120' title='bbox 837 2081 1088 2169; x_wconf 88' lang='lat' dir='ltr'>illuminando</span> <span class='ocrx_word' id='word_1_121' title='bbox 1120 2081 1315 2169; x_wconf 86' lang='lat' dir='ltr'>Mercurio</span> <span class='ocrx_word' id='word_1_122' title='bbox 1341 2085 1442 2168; x_wconf 74' lang='lat' dir='ltr'>uires</span> 
     </span>
     <span class='ocr_line' id='line_1_16' title="bbox 110 2187 956 2304; baseline -0.001 -30"><span class='ocrx_word' id='word_1_123' title='bbox 110 2187 236 2304; x_wconf 65' lang='lat' dir='ltr'>quam</span> <span class='ocrx_word' id='word_1_124' title='bbox 261 2215 357 2302; x_wconf 87' lang='lat' dir='ltr'>quas</span> <span class='ocrx_word' id='word_1_125' title='bbox 380 2190 494 2276; x_wconf 91' lang='lat' dir='ltr'>nobis</span> <span class='ocrx_word' id='word_1_126' title='bbox 520 2191 723 2276; x_wconf 85' lang='lat' dir='ltr'>Tetricolis</span> <span class='ocrx_word' id='word_1_127' title='bbox 745 2194 956 2278; x_wconf 82' lang='lat' dir='ltr'>ostentant..</span> 
     </span>
    </p>
   </div>
   <div class='ocr_carea' id='block_1_3' title="bbox 100 2407 1558 3605">
    <p class='ocr_par' dir='ltr' id='par_1_3' title="bbox 100 2407 1558 3605">
     <span class='ocr_line' id='line_1_17' title="bbox 169 2407 1446 2508; baseline 0.002 -16"><span class='ocrx_word' id='word_1_128' title='bbox 169 2407 337 2492; x_wconf 90' lang='lat' dir='ltr'>Nullum</span> <span class='ocrx_word' id='word_1_129' title='bbox 363 2407 585 2494; x_wconf 89' lang='lat' dir='ltr'>inferiorem</span> <span class='ocrx_word' id='word_1_130' title='bbox 614 2413 727 2497; x_wconf 89' lang='lat' dir='ltr'>nohis</span> <span class='ocrx_word' id='word_1_131' title='bbox 755 2437 891 2499; x_wconf 83' lang='lat' dir='ltr'>notum</span> <span class='ocrx_word' id='word_1_132' title='bbox 919 2411 1028 2497; x_wconf 90' lang='lat' dir='ltr'>videt</span> <span class='ocrx_word' id='word_1_133' title='bbox 1048 2413 1288 2508; x_wconf 87' lang='lat' dir='ltr'>Mercurius,</span> <span class='ocrx_word' id='word_1_134' title='bbox 1328 2411 1446 2495; x_wconf 89' lang='lat' dir='ltr'>adeo·</span> 
     </span>
     <span class='ocr_line' id='line_1_18' title="bbox 105 2519 1446 2632; baseline 0.001 -32"><span class='ocrx_word' id='word_1_135' title='bbox 105 2547 191 2632; x_wconf 91' lang='lat' dir='ltr'>que</span> <span class='ocrx_word' id='word_1_136' title='bbox 231 2519 389 2602; x_wconf 82' lang='lat' dir='ltr'>Stellam</span> <span class='ocrx_word' id='word_1_137' title='bbox 431 2520 575 2602; x_wconf 91' lang='lat' dir='ltr'>nullam</span> <span class='ocrx_word' id='word_1_138' title='bbox 617 2519 834 2620; x_wconf 81' lang='lat' dir='ltr'>falcatam,</span> <span class='ocrx_word' id='word_1_139' title='bbox 882 2527 920 2605; x_wconf 79' lang='grc' dir='ltr'>δι</span> <span class='ocrx_word' id='word_1_140' title='bbox 950 2522 991 2603; x_wconf 88' lang='lat' dir='ltr'>in</span> <span class='ocrx_word' id='word_1_141' title='bbox 1034 2548 1176 2604; x_wconf 92' lang='lat' dir='ltr'>cornua</span> <span class='ocrx_word' id='word_1_142' title='bbox 1204 2544 1446 2604; x_wconf 85' lang='lat' dir='ltr'>extenuatam</span> 
     </span>
     <span class='ocr_line' id='line_1_19' title="bbox 108 2623 1447 2740; baseline 0.003 -32"><span class='ocrx_word' id='word_1_143' title='bbox 108 2625 258 2715; x_wconf 77' lang='lat' dir='ltr'>vidctr</span> <span class='ocrx_word' id='word_1_144' title='bbox 302 2623 610 2740; x_wconf 86' lang='lat' dir='ltr'>argumentisque</span> <span class='ocrx_word' id='word_1_145' title='bbox 650 2632 812 2740; x_wconf 91' lang='lat' dir='ltr'>proinde</span> <span class='ocrx_word' id='word_1_146' title='bbox 840 2651 945 2713; x_wconf 90' lang='lat' dir='ltr'>caret</span> <span class='ocrx_word' id='word_1_147' title='bbox 984 2631 1041 2713; x_wconf 82' lang='lat' dir='ltr'>ab</span> <span class='ocrx_word' id='word_1_148' title='bbox 1070 2624 1283 2732; x_wconf 85' lang='lat' dir='ltr'>hujusmodi</span> <span class='ocrx_word' id='word_1_149' title='bbox 1310 2629 1447 2712; x_wconf 86' lang='lat' dir='ltr'>Plane·</span> 
     </span>
     <span class='ocr_line' id='line_1_20' title="bbox 105 2733 1448 2852; baseline 0.001 -34"><span class='ocrx_word' id='word_1_150' title='bbox 105 2761 236 2818; x_wconf 86' lang='lat' dir='ltr'>tarum</span> <span class='ocrx_word' id='word_1_151' title='bbox 290 2733 468 2845; x_wconf 76' lang='lat' dir='ltr'>phalibua</span> <span class='ocrx_word' id='word_1_152' title='bbox 514 2739 641 2846; x_wconf 66' lang='lat' dir='ltr'>peu’tis</span> <span class='ocrx_word' id='word_1_153' title='bbox 675 2797 688 2836; x_wconf 89' lang='lat'>,</span> <span class='ocrx_word' id='word_1_154' title='bbox 743 2739 883 2852; x_wconf 88' lang='lat' dir='ltr'>quibus</span> <span class='ocrx_word' id='word_1_155' title='bbox 930 2766 1064 2821; x_wconf 88' lang='lat' dir='ltr'>verum</span> <span class='ocrx_word' id='word_1_156' title='bbox 1101 2736 1238 2818; x_wconf 88' lang='lat' dir='ltr'>Mundi</span> <span class='ocrx_word' id='word_1_157' title='bbox 1276 2738 1448 2846; x_wconf 73' lang='lat' dir='ltr'>Syllema</span> 
     </span>
     <span class='ocr_line' id='line_1_21' title="bbox 103 2841 1447 2957; baseline 0.001 -31"><span class='ocrx_word' id='word_1_158' title='bbox 103 2841 316 2926; x_wconf 84' lang='lat' dir='ltr'>stabiliat:</span> <span class='ocrx_word' id='word_1_159' title='bbox 362 2843 590 2957; x_wconf 82' lang='lat' dir='ltr'>Inferiorum</span> <span class='ocrx_word' id='word_1_160' title='bbox 622 2848 724 2930; x_wconf 90' lang='lat' dir='ltr'>enim</span> <span class='ocrx_word' id='word_1_161' title='bbox 766 2843 900 2930; x_wconf 85' lang='lat' dir='ltr'>Phases</span> <span class='ocrx_word' id='word_1_162' title='bbox 943 2849 1068 2957; x_wconf 83' lang='lat' dir='ltr'>pn&#39;mo</span> <span class='ocrx_word' id='word_1_163' title='bbox 1110 2846 1210 2928; x_wconf 90' lang='lat' dir='ltr'>clare</span> <span class='ocrx_word' id='word_1_164' title='bbox 1247 2847 1447 2940; x_wconf 83' lang='lat' dir='ltr'>evirenurt</span> 
     </span>
     <span class='ocr_line' id='line_1_22' title="bbox 101 2949 1446 3070; baseline 0 -34"><span class='ocrx_word' id='word_1_165' title='bbox 101 2978 249 3036; x_wconf 88' lang='lat' dir='ltr'>eorum</span> <span class='ocrx_word' id='word_1_166' title='bbox 292 2978 422 3036; x_wconf 84' lang='lat' dir='ltr'>motus</span> <span class='ocrx_word' id='word_1_167' title='bbox 454 2955 554 3036; x_wconf 89' lang='lat' dir='ltr'>circa</span> <span class='ocrx_word' id='word_1_168' title='bbox 580 2956 720 3070; x_wconf 29' lang='lat' dir='ltr'>,Solem</span> <span class='ocrx_word' id='word_1_169' title='bbox 763 2956 967 3044; x_wconf 78' lang='lat' dir='ltr'>ordinarit</span> <span class='ocrx_word' id='word_1_170' title='bbox 1024 2949 1142 3036; x_wconf 86' lang='lat' dir='ltr'>unde&#39;</span> <span class='ocrx_word' id='word_1_171' title='bbox 1165 2953 1335 3060; x_wconf 78' lang='lat' dir='ltr'>proclive</span> <span class='ocrx_word' id='word_1_172' title='bbox 1373 2950 1446 3036; x_wconf 89' lang='lat' dir='ltr'>suit</span> 
     </span>
     <span class='ocr_line' id='line_1_23' title="bbox 103 3059 1446 3172; baseline 0.001 -32"><span class='ocrx_word' id='word_1_173' title='bbox 103 3060 218 3142; x_wconf 90' lang='lat' dir='ltr'>idem</span> <span class='ocrx_word' id='word_1_174' title='bbox 259 3059 441 3171; x_wconf 86' lang='lat' dir='ltr'>colligere</span> <span class='ocrx_word' id='word_1_175' title='bbox 479 3059 529 3144; x_wconf 89' lang='lat' dir='ltr'>de</span> <span class='ocrx_word' id='word_1_176' title='bbox 572 3063 733 3146; x_wconf 87' lang='lat' dir='ltr'>aliorum</span> <span class='ocrx_word' id='word_1_177' title='bbox 772 3063 955 3146; x_wconf 87' lang='lat' dir='ltr'>motibus.</span> <span class='ocrx_word' id='word_1_178' title='bbox 1042 3060 1188 3144; x_wconf 84' lang='lat' dir='ltr'>Exinde</span> <span class='ocrx_word' id='word_1_179' title='bbox 1212 3059 1308 3144; x_wconf 71' lang='lat' dir='ltr'>veri)</span> <span class='ocrx_word' id='word_1_180' title='bbox 1336 3059 1446 3172; x_wconf 93' lang='lat' dir='ltr'>quod</span> 
     </span>
     <span class='ocr_line' id='line_1_24' title="bbox 103 3169 1446 3264; baseline 0 -14"><span class='ocrx_word' id='word_1_181' title='bbox 103 3195 183 3250; x_wconf 88' lang='lat' dir='ltr'>nos</span> <span class='ocrx_word' id='word_1_182' title='bbox 220 3169 424 3252; x_wconf 80' lang='lat' dir='ltr'>Territola</span> <span class='ocrx_word' id='word_1_183' title='bbox 455 3171 631 3252; x_wconf 87' lang='lat' dir='ltr'>Planetas</span> <span class='ocrx_word' id='word_1_184' title='bbox 667 3173 861 3254; x_wconf 91' lang='lat' dir='ltr'>Mercurio</span> <span class='ocrx_word' id='word_1_185' title='bbox 896 3169 1092 3252; x_wconf 75' lang='lat' dir='ltr'>inferiores</span> <span class='ocrx_word' id='word_1_186' title='bbox 1121 3196 1200 3252; x_wconf 91' lang='lat' dir='ltr'>non</span> <span class='ocrx_word' id='word_1_187' title='bbox 1236 3195 1446 3264; x_wconf 83' lang='lat' dir='ltr'>cernamus,</span> 
     </span>
     <span class='ocr_line' id='line_1_25' title="bbox 106 3271 1447 3391; baseline -0.002 -32"><span class='ocrx_word' id='word_1_188' title='bbox 106 3299 366 3388; x_wconf 86' lang='lat' dir='ltr'>nequaquam</span> <span class='ocrx_word' id='word_1_189' title='bbox 413 3271 580 3391; x_wconf 90' lang='lat' dir='ltr'>sequitur</span> <span class='ocrx_word' id='word_1_190' title='bbox 627 3281 752 3363; x_wconf 87' lang='lat' dir='ltr'>nullos</span> <span class='ocrx_word' id='word_1_191' title='bbox 781 3278 876 3359; x_wconf 81' lang='lat' dir='ltr'>tales</span> <span class='ocrx_word' id='word_1_192' title='bbox 904 3277 1020 3360; x_wconf 87' lang='lat' dir='ltr'>dari:</span> <span class='ocrx_word' id='word_1_193' title='bbox 1063 3271 1139 3384; x_wconf 90' lang='lat' dir='ltr'>ipse</span> <span class='ocrx_word' id='word_1_194' title='bbox 1165 3277 1265 3359; x_wconf 86' lang='lat' dir='ltr'>enim</span> <span class='ocrx_word' id='word_1_195' title='bbox 1296 3277 1447 3357; x_wconf 88' lang='lat' dir='ltr'>Mercu·</span> 
     </span>
     <span class='ocr_line' id='line_1_26' title="bbox 100 3381 1558 3498; baseline -0.002 -31"><span class='ocrx_word' id='word_1_196' title='bbox 100 3384 201 3468; x_wconf 73' lang='lat' dir='ltr'>rius‘</span> <span class='ocrx_word' id='word_1_197' title='bbox 227 3386 267 3466; x_wconf 91' lang='lat' dir='ltr'>in</span> <span class='ocrx_word' id='word_1_198' title='bbox 291 3384 442 3492; x_wconf 82' lang='lat' dir='ltr'>Sphaera</span> <span class='ocrx_word' id='word_1_199' title='bbox 469 3387 596 3468; x_wconf 88' lang='lat' dir='ltr'>nollra</span> <span class='ocrx_word' id='word_1_200' title='bbox 630 3386 789 3498; x_wconf 86' lang='lat' dir='ltr'>obliqua</span> <span class='ocrx_word' id='word_1_201' title='bbox 816 3413 902 3467; x_wconf 91' lang='lat' dir='ltr'>raro</span> <span class='ocrx_word' id='word_1_202' title='bbox 934 3385 1131 3479; x_wconf 86' lang='lat' dir='ltr'>cernitur,</span> <span class='ocrx_word' id='word_1_203' title='bbox 1180 3389 1220 3466; x_wconf 81' lang='lat' dir='ltr'>dc</span> <span class='ocrx_word' id='word_1_204' title='bbox 1249 3382 1318 3464; x_wconf 89' lang='lat' dir='ltr'>illo</span> <span class='ocrx_word' id='word_1_205' title='bbox 1349 3381 1446 3468; x_wconf 89' lang='lat' dir='ltr'>mul-</span> <span class='ocrx_word' id='word_1_206' title='bbox 1555 3415 1558 3424; x_wconf 94' lang='lat'>·</span> 
     </span>
     <span class='ocr_line' id='line_1_27' title="bbox 109 3493 1250 3605; baseline -0.004 -29"><span class='ocrx_word' id='word_1_207' title='bbox 109 3517 199 3576; x_wconf 86' lang='lat' dir='ltr'>tum</span> <span class='ocrx_word' id='word_1_208' title='bbox 232 3519 467 3605; x_wconf 86' lang='lat' dir='ltr'>nunquam,</span> <span class='ocrx_word' id='word_1_209' title='bbox 510 3517 667 3604; x_wconf 92' lang='lat' dir='ltr'>propter</span> <span class='ocrx_word' id='word_1_210' title='bbox 693 3495 793 3580; x_wconf 82' lang='lat' dir='ltr'>Solis</span> <span class='ocrx_word' id='word_1_211' title='bbox 822 3493 1033 3590; x_wconf 86' lang='lat' dir='ltr'>viciniam,</span> <span class='ocrx_word' id='word_1_212' title='bbox 1063 3518 1250 3576; x_wconf 83' lang='lat' dir='ltr'>cernetur.</span> 
     </span>
    </p>
   </div>
   <div class='ocr_carea' id='block_1_4' title="bbox 100 3671 1621 4008">
    <p class='ocr_par' dir='ltr' id='par_1_4' title="bbox 100 3671 1621 4008">
     <span class='ocr_line' id='line_1_28' title="bbox 162 3671 1621 3816; baseline 0.001 -28"><span class='ocrx_word' id='word_1_213' title='bbox 162 3693 419 3793; x_wconf 82' lang='lat' dir='ltr'>Observatori</span> <span class='ocrx_word' id='word_1_214' title='bbox 453 3711 542 3792; x_wconf 85' lang='lat' dir='ltr'>huic</span> <span class='ocrx_word' id='word_1_215' title='bbox 584 3711 840 3808; x_wconf 86' lang='lat' dir='ltr'>Mercuriali,</span> <span class='ocrx_word' id='word_1_216' title='bbox 890 3707 983 3794; x_wconf 87' lang='lat' dir='ltr'>srcut</span> <span class='ocrx_word' id='word_1_217' title='bbox 1018 3713 1058 3791; x_wconf 78' lang='lat' dir='ltr'>dc</span> <span class='ocrx_word' id='word_1_218' title='bbox 1086 3709 1198 3792; x_wconf 84' lang='lat' dir='ltr'>nobis</span> <span class='ocrx_word' id='word_1_219' title='bbox 1227 3705 1445 3804; x_wconf 75' lang='lat' dir='ltr'>Terricolis,</span> <span class='ocrx_word' id='word_1_220' title='bbox 1572 3671 1621 3816; x_wconf 22' lang='grc' dir='ltr'>Ι.</span> 
     </span>
     <span class='ocr_line' id='line_1_29' title="bbox 100 3813 1513 4008; baseline -0.002 -107"><span class='ocrx_word' id='word_1_221' title='bbox 100 3813 249 3901; x_wconf 84' lang='lat' dir='ltr'>desunt</span> <span class='ocrx_word' id='word_1_222' title='bbox 272 3818 398 3904; x_wconf 88' lang='lat' dir='ltr'>media</span> <span class='ocrx_word' id='word_1_223' title='bbox 434 3892 446 3932; x_wconf 74' lang='lat'>‚</span> <span class='ocrx_word' id='word_1_224' title='bbox 490 3818 635 4008; x_wconf 53' lang='lat' dir='ltr'>quibus</span> <span class='ocrx_word' id='word_1_225' title='bbox 674 3846 879 3927; x_wconf 91' lang='lat' dir='ltr'>corporum</span> <span class='ocrx_word' id='word_1_226' title='bbox 918 3819 1143 3902; x_wconf 73' lang='lat' dir='ltr'>Coelestium</span> <span class='ocrx_word' id='word_1_227' title='bbox 1181 3815 1371 3900; x_wconf 75' lang='lat' dir='ltr'>distantias</span> <span class='ocrx_word' id='word_1_228' title='bbox 1406 3821 1446 3898; x_wconf 75' lang='grc' dir='ltr'>δι</span> <span class='ocrx_word' id='word_1_229' title='bbox 1504 3825 1513 3842; x_wconf 85' lang='grc'><strong>”</strong></span> 
     </span>
    </p>
   </div>
   <div class='ocr_carea' id='block_1_5' title="bbox 100 3918 1455 4577">
    <p class='ocr_par' dir='ltr' id='par_1_5' title="bbox 100 3918 1455 4577">
     <span class='ocr_line' id='line_1_30' title="bbox 100 3918 1446 4025; baseline -0.003 -17"><span class='ocrx_word' id='word_1_230' title='bbox 100 3927 322 4008; x_wconf 85' lang='lat' dir='ltr'>diametros</span> <span class='ocrx_word' id='word_1_231' title='bbox 364 3955 451 4010; x_wconf 91' lang='lat' dir='ltr'>cum</span> <span class='ocrx_word' id='word_1_232' title='bbox 516 3927 680 4010; x_wconf 89' lang='lat' dir='ltr'>omicilii</span> <span class='ocrx_word' id='word_1_233' title='bbox 717 3921 770 4009; x_wconf 92' lang='lat' dir='ltr'>sui</span> <span class='ocrx_word' id='word_1_234' title='bbox 808 3927 1038 4025; x_wconf 87' lang='lat' dir='ltr'>diametro,</span> <span class='ocrx_word' id='word_1_235' title='bbox 1098 3921 1220 4010; x_wconf 85' lang='lat' dir='ltr'>suisve</span> <span class='ocrx_word' id='word_1_236' title='bbox 1253 3918 1446 4023; x_wconf 83' lang='lat' dir='ltr'>mensuris,</span> 
     </span>
     <span class='ocr_line' id='line_1_31' title="bbox 101 4033 1455 4219; baseline -0.001 -104"><span class='ocrx_word' id='word_1_237' title='bbox 101 4055 339 4219; x_wconf 70' lang='lat' dir='ltr'>comparare</span> <span class='ocrx_word' id='word_1_238' title='bbox 370 4035 532 4144; x_wconf 80' lang='lat' dir='ltr'>potest,</span> <span class='ocrx_word' id='word_1_239' title='bbox 575 4033 605 4116; x_wconf 89' lang='lat' dir='ltr'>sr</span> <span class='ocrx_word' id='word_1_240' title='bbox 658 4033 785 4116; x_wconf 88' lang='lat' dir='ltr'>uidem</span> <span class='ocrx_word' id='word_1_241' title='bbox 813 4037 1048 4118; x_wconf 90' lang='lat' dir='ltr'>accuratiora</span> <span class='ocrx_word' id='word_1_242' title='bbox 1079 4035 1324 4117; x_wconf 86' lang='lat' dir='ltr'>instrumenta</span> <span class='ocrx_word' id='word_1_243' title='bbox 1347 4035 1455 4115; x_wconf 86' lang='lat' dir='ltr'>non·</span> 
     </span>
     <span class='ocr_line' id='line_1_32' title="bbox 101 4063 1447 4249; baseline -0.001 -23"><span class='ocrx_word' id='word_1_244' title='bbox 101 4139 200 4226; x_wconf 82' lang='lat' dir='ltr'>adhi</span> <span class='ocrx_word' id='word_1_245' title='bbox 233 4127 337 4220; x_wconf 56' lang='lat' dir='ltr'>eata*</span> <span class='ocrx_word' id='word_1_246' title='bbox 389 4145 499 4230; x_wconf 85' lang='lat' dir='ltr'>Nam</span> <span class='ocrx_word' id='word_1_247' title='bbox 530 4063 735 4225; x_wconf 80' lang='lat' dir='ltr'>Parallarris</span> <span class='ocrx_word' id='word_1_248' title='bbox 771 4143 871 4226; x_wconf 87' lang='lat' dir='ltr'>Solis</span> <span class='ocrx_word' id='word_1_249' title='bbox 901 4173 948 4224; x_wconf 84' lang='lat' dir='ltr'>ex</span> <span class='ocrx_word' id='word_1_250' title='bbox 976 4144 1172 4227; x_wconf 88' lang='lat' dir='ltr'>Mercurio</span> <span class='ocrx_word' id='word_1_251' title='bbox 1201 4139 1270 4224; x_wconf 84' lang='lat' dir='ltr'>visr</span> <span class='ocrx_word' id='word_1_252' title='bbox 1301 4145 1447 4249; x_wconf 78' lang='lat' dir='ltr'>(quan-</span> 
     </span>
     <span class='ocr_line' id='line_1_33' title="bbox 100 4245 1444 4362; baseline -0.001 -29"><span class='ocrx_word' id='word_1_253' title='bbox 100 4277 191 4334; x_wconf 91' lang='lat' dir='ltr'>tum</span> <span class='ocrx_word' id='word_1_254' title='bbox 224 4273 275 4328; x_wconf 82' lang='lat' dir='ltr'>ex</span> <span class='ocrx_word' id='word_1_255' title='bbox 305 4250 480 4362; x_wconf 68' lang='lat' dir='ltr'>analogia</span> <span class='ocrx_word' id='word_1_256' title='bbox 509 4253 698 4356; x_wconf 81' lang='lat' dir='ltr'>conjicere</span> <span class='ocrx_word' id='word_1_257' title='bbox 726 4251 850 4349; x_wconf 81' lang='lat' dir='ltr'>licet)</span> <span class='ocrx_word' id='word_1_258' title='bbox 887 4250 1015 4334; x_wconf 90' lang='lat' dir='ltr'>minor</span> <span class='ocrx_word' id='word_1_259' title='bbox 1043 4253 1094 4333; x_wconf 85' lang='lat' dir='ltr'>est</span> <span class='ocrx_word' id='word_1_260' title='bbox 1123 4245 1288 4353; x_wconf 88' lang='lat' dir='ltr'>ejusdem</span> <span class='ocrx_word' id='word_1_261' title='bbox 1316 4249 1444 4332; x_wconf 89' lang='lat' dir='ltr'>Paral-</span> 
     </span>
     <span class='ocr_line' id='line_1_34' title="bbox 103 4353 1448 4474; baseline 0.001 -31"><span class='ocrx_word' id='word_1_262' title='bbox 103 4359 188 4444; x_wconf 85' lang='lat' dir='ltr'>laxi</span> <span class='ocrx_word' id='word_1_263' title='bbox 228 4353 253 4436; x_wconf 80' lang='grc' dir='ltr'>ὲ</span> <span class='ocrx_word' id='word_1_264' title='bbox 294 4361 444 4448; x_wconf 78' lang='lat' dir='ltr'>Terrar</span> <span class='ocrx_word' id='word_1_265' title='bbox 496 4360 681 4444; x_wconf 87' lang='lat' dir='ltr'>diameter</span> <span class='ocrx_word' id='word_1_266' title='bbox 716 4360 853 4474; x_wconf 85' lang='lat' dir='ltr'>utique</span> <span class='ocrx_word' id='word_1_267' title='bbox 888 4387 1070 4471; x_wconf 85' lang='lat' dir='ltr'>apparens</span> <span class='ocrx_word' id='word_1_268' title='bbox 1099 4359 1281 4464; x_wconf 81' lang='lat' dir='ltr'>Mercurii</span> <span class='ocrx_word' id='word_1_269' title='bbox 1306 4354 1328 4442; x_wconf 79' lang='grc' dir='ltr'>ὲ</span> <span class='ocrx_word' id='word_1_270' title='bbox 1356 4356 1448 4450; x_wconf 79' lang='lat' dir='ltr'>sole</span> 
     </span>
     <span class='ocr_line' id='line_1_35' title="bbox 131 4462 1448 4577; baseline 0 -29"><span class='ocrx_word' id='word_1_271' title='bbox 131 4462 639 4577; x_wconf 14' lang='lat' dir='ltr'>UGregoriAstrJomrll.</span> <span class='ocrx_word' id='word_1_272' title='bbox 919 4471 1011 4558; x_wconf 86' lang='lat' dir='ltr'>Nn</span> <span class='ocrx_word' id='word_1_273' title='bbox 1318 4465 1448 4550; x_wconf 77' lang='lat' dir='ltr'>minor</span> 
     </span>
    </p>
   </div>
   <div class='ocr_carea' id='block_1_6' title="bbox 0 0 2166 5686">
    <p class='ocr_par' dir='ltr' id='par_1_6' title="bbox 0 0 2166 5686">
     <span class='ocr_line' id='line_1_36' title="bbox 0 0 2166 5686; baseline 0 0"><span class='ocrx_word' id='word_1_274' title='bbox 0 0 2166 5686; x_wconf 95' lang='lat' dir='ltr'> </span> 
     </span>
    </p>
   </div>
  </div>
 </body>
</html>
