4420 5692
172 689 176 696 .
277 623 323 707 tr
354 623 753 707 caonarnrca
786 609 1115 725 araneum
1150 637 1251 714 un.
1287 638 1362 718 rr.
1430 661 1497 741 503

195 757 247 846 ,le
270 764 454 874 provenit
488 793 501 854 3
537 763 617 850 hoc
642 764 697 850 est
709 822 725 863 ,
762 791 848 876 quae
877 763 927 848 ab
961 765 1173 854 Anomalia
1208 771 1334 854 Terra
1370 772 1499 858 media

112 1015 117 1026 ι
200 877 365 1066 pandet.
424 879 551 962 lmmo
590 878 696 1014 ‘hanc
735 879 1039 1014 Inaequalitatem
1051 939 1071 1016 .’
1121 882 1269 1016 liceri
1309 879 1499 996 Tycbone,

190 1061 197 1072 .
256 991 358 1096 plere
386 994 427 1076 δι
452 987 618 1072 lioroxro
644 986 911 1091 observatam,
940 995 1023 1078 alus
1049 990 1313 1082 immiscebant
1339 1029 1350 1078 τ
1375 999 1501 1111 Ptop·
1646 1077 1649 1084 .

199 1119 261 1182 ter
286 1101 387 1205 hanc
418 1107 523 1190 enim
549 1103 735 1220 compulfi
759 1102 870 1208 sunt,
904 1109 1138 1195 reclamante
1165 1109 1303 1196 naturai
1333 1135 1493 1212 retum,

187 1213 370 1328 Tempus
400 1245 592 1332 apparens
633 1219 685 1304 ad
723 1219 894 1304 medium
928 1221 1041 1306 aliter
1079 1224 1265 1310 reducere
1280 1227 1338 1308 -in
1375 1226 1494 1309 Luna
1562 1309 1568 1320 ,

197 1325 313 1412 [ocis
359 1330 665 1443 computandis,
698 1359 815 1445 quam
849 1338 889 1418 in
923 1362 1012 1418 com
1043 1337 1196 1422 utandis
1232 1339 1347 1422 Locis
1388 1337 1492 1422 Solis
1645 1381 1649 1392 ·

191 1438 438 1558 aliorumque
462 1445 682 1559 Syderumr
709 1450 750 1528 δι
777 1442 973 1559 speclatim
1020 1447 1113 1560 ycho
1134 1479 1220 1536 eam
1242 1449 1493 1564 AEquationis

191 1553 400 1671 Temporis
430 1584 601 1672 partem,
626 1585 712 1670 qua
735 1557 925 1670 pandera
953 1566 1080 1646 Terra
1101 1563 1310 1650 Anomalia
1330 1562 1488 1664 media,

195 1664 256 1750 (ai
286 1697 364 1781 qua
386 1677 427 1756 δι
452 1673 532 1756 haec
556 1674 673 1757 Luna
702 1674 942 1786 inaequalitas
967 1673 1135 1762 suntliter
1154 1674 1323 1788 pendet,
1349 1683 1366 1778 )
1391 1675 1490 1760 omi·

183 1777 238 1862 -fit
270 1779 433 1894 prorsus
473 1788 533 1872 At
559 1788 726 1894 Keplerue
757 1791 800 1870 dc
825 1783 1010 1868 Horoxius
1039 1791 1200 1875 ulterius
1226 1786 1409 1986 proprellr
1436 1785 1489 1873 ad

190 1895 363 2010 Tempus
393 1895 623 2013 aquandum
646 1924 796 2012 partem
826 1899 1024 2014 physicam
1050 1901 1241 1987 adhibent
1268 1931 1291 1988 a
1320 1899 1488 1986 dititiam

191 2033 282 2091 cum
319 2038 413 2095 vera
452 2019 504 2096 du
535 2011 806 2098 Astronomica
846 2009 1039 2099 sublatitia
1078 2019 1166 2116 est,
1207 2017 1248 2098 dt
1278 2015 1301 2100 ὲ
1333 2037 1486 2100 contra.

187 2117 433 2210 Acutiffimus
465 2123 541 2209 Ed.
572 2120 738 2206 Haleius
768 2126 868 2212 hanc
893 2128 1198 2241 Inaequalitatem
1223 2131 1245 2224 (
1267 2153 1385 2244 quam
1411 2129 1488 2212 Lu·
1638 2121 1641 2130 ’

96 2249 100 2256 ’
183 2254 245 2318 nae
270 2235 387 2320 inelle
415 2240 466 2336 ad
497 2235 621 2321 Sahal.
656 2237 772 2349 Prep.
800 2235 1174 2350 Lxxxv1.0pticae
1200 2241 1485 2358 Promotaepag.

176 2363 291 2440 ‚1280
332 2344 534 2464 suspicatus
574 2353 631 2437 est
666 2349 828 2458 Jacobus
847 2350 1101 2464 Gregorius)
1139 2356 1190 2440 ab
1222 2355 1308 2438 aliis
1340 2350 1485 2468 primur

185 2456 379 2575 separavit
414 2467 457 2550 in
495 2471 674 2554 Tnttatu
717 2459 889 2576 Catalogo
922 2465 1102 2550 lixarum
1133 2467 1361 2574 Malim
1397 2462 1486 2550 sub·

185 2599 307 2660 nexo.
351 2581 584 2668 Pateavero
610 2579 811 2666 excitatis
840 2586 985 2693 Propp.
1017 2605 1177 2664 xv111.
1209 2586 1250 2664 δι
1272 2605 1368 2664 xrx.
1397 2607 1485 2664 um·

184 2713 257 2772 nes
282 2688 399 2772 Luna
432 2693 716 2805 lna-qualitates
744 2693 890 2802 duplici
923 2694 1182 2798 Concilione
1215 2689 1359 2780 Annui
1383 2692 1484 2776 indi-

182 2827 301 2914 gere,
327 2827 373 2902 ut
395 2831 496 2890 vera
524 2813 565 2911 ὃς
589 2831 777 2891 accurata
807 2805 991 2912 evadant.
1055 2887 1060 2894 .

173 2966 176 2972 ,
241 2915 428 3020 Deinde,
456 2947 594 3022 omnes
616 2919 870 3030 AEquationes
895 2918 1097 3004 Menstrua
1126 2917 1179 3004 ab
1211 2913 1379 3031 Aspedu
1407 2919 1483 3008 So.

173 3025 233 3112 lis
259 3033 301 3110 dc
333 3031 450 3116 Luna
471 3033 643 3134 oriunda
672 3033 921 3147 negliguntur
967 3057 1078 3118 ratet
1107 3034 1260 3118 unicam
1292 3034 1484 3120 Variatio·

172 3167 286 3224 nem.
318 3145 465 3238 Verum
492 3149 652 3260 quidem
682 3148 737 3230 est
754 3150 891 3234 harum
919 3065 1069 3259 aliquas
1093 3145 1144 3230 ab
1162 3145 1245 3230 aliis
1267 3143 1350 3230 fere
1375 3175 1483 3231 com·

179 3250 364 3366 pensatis
400 3287 442 3340 v.
466 3287 510 3369 g.
543 3262 810 3356 inclinationis
864 3260 1047 3346 limitum
1083 3258 1249 3344 variatio
1289 3258 1485 3346 Menstrua

179 3373 226 3452 dt
255 3371 443 3484 liquarit)
475 3376 670 3460 Menstrua
695 3373 909 3458 Nodorum
940 3375 994 3460 ita
1024 3370 1063 3458 se
1094 3397 1238 3458 mutuo.
1258 3397 1485 3485 contempe-

183 3507 272 3568 rant
299 3490 339 3568 δι
360 3487 583 3598 corrigunt,
609 3511 653 3570 ut
678 3485 801 3571 amba
825 3487 969 3600 negligi
992 3484 1133 3600 poliant
1157 3487 1198 3570 in
1223 3481 1484 3572 determinan-

181 3593 235 3678 da
259 3599 480 3684 latitudine
505 3603 643 3690 Lunam
668 3599 921 3711 AEquationts
949 3623 1081 3686 autem
1111 3599 1312 3684 Menstrua
1341 3595 1483 3686 Motis

181 3709 371 3824 Apogai,
396 3717 438 3798 δι
461 3711 684 3799 differentiae
714 3714 817 3797 inter
841 3713 1179 3796 Excentticitatem
1209 3712 1407 3796 minimam
1439 3715 1482 3794 dt

182 3825 415 3926 maximam,
447 3829 542 3912 item
570 3824 784 3916 Nodorum
813 3830 854 3908 δι
885 3822 1150 3909 Inclinationis
1178 3822 1297 3908 Orbis
1322 3822 1483 3908 Lunaris

181 3939 238 4024 ad
270 3938 667 4050 Eclipticam,nbas1s
703 3934 799 4037 sunt·
831 3939 873 4019 δι
904 3935 1201 4022 fundamentum
1243 3936 1477 4070 reliquarum
1554 4041 1559 4049 ¹

182 4053 520 4164 inaequalitatum,
550 4081 636 4169 qua
660 4052 711 4137 ab
748 4045 915 4164 Aspeeiu
954 4049 1077 4136 Solis*
1099 4054 1141 4132 δι
1182 4048 1370 4162 Αροςκι,
1410 4071 1479 4135 aut

182 4167 287 4250 Solis
317 4173 358 4251 δι
383 4166 595 4254 Nodorum
622 4163 833 4279 pendente
868 4185 913 4248 ut
935 4171 984 4272 egi
1021 4167 1165 4275 Propp.
1192 4191 1242 4259 x,
1283 4187 1358 4261 ιιι,
1374 4186 1481 4264 nrt,

178 4301 287 4368 x111
323 4337 336 4377 ‚
370 4294 459 4363 xrv'
479 4287 519 4364 δι
545 4310 627 4366 xv.
660 4276 818 4363 abunde
850 4299 969 4388 patet.
1029 4273 1213 4389 AEquatio
1242 4275 1337 4360 item
1370 4276 1481 4360 Men·

52 4497 60 4504 ,
181 4395 285 4478 iltua
313 4395 414 4478 inter
442 4393 702 4479 Novilunium
733 4397 774 4475 δι
808 4389 1065 4475 Pleniluuium
1106 4387 1209 4492 (de
1242 4415 1321 4502 qua
1362 4393 1480 4504 Prop.
1621 4397 1624 4404 ’

181 4527 285 4594 xv1·
310 4506 453 4590 ditium
477 4510 570 4613 est)
602 4505 820 4620 negligitur.

232 4622 490 4732 AEquationes
527 4623 622 4708 item
642 4623 740 4718 illa,
772 4643 851 4705 tam
867 4643 968 4820 lpupe
1001 4617 1160 4700 Motum
1198 4617 1481 4812 Lunatapfirppppp
