4376 5694
730 612 807 730 ‘520
888 557 1488 712 ammirante
1535 621 1881 706 nursica

559 781 623 846 rat.
643 795 726 883 prr.
743 795 862 885 quam
892 771 1151 862 remotiorest
1188 771 1334 884 quippe
1362 765 1477 852 radiis
1505 763 1711 852 ai-minote
1738 769 1875 856 lucidae
1903 765 2059 886 sphaera·

628 875 680 947 '¹⁸'
701 886 722 928 ¹·
745 913 855 1000 parte
882 885 1203 999 provenientibus
1226 884 1451 970 illustratae:
1492 879 1722 993 Superficies
1743 907 1873 967 autem
1892 913 2060 998 penum.

743 999 866 1084 bram'
889 993 1198 1084 circumscribens
1232 991 1286 1082 est
1327 998 1418 1082 coni
1438 995 1571 1094 reni,
1617 997 1725 1098 cujus
1754 996 1835 1080 axis
1862 1001 1917 1082 est
1953 1002 2058 1083 recta

657 1128 665 1142 ·
745 1141 805 1198 ru
830 1113 928 1196 ultra
955 1109 1133 1225 lphaetam
1165 1137 1330 1224 opacam
1355 1102 1535 1221 protensa
1568 1166 1582 1206 ,
1636 1107 1736 1193 basis
1763 1139 1862 1197 vero
1885 1112 2058 1197 circulus

681 1218 688 1226 ’
746 1227 937 1311 diametro
974 1223 1147 1310 ur.vel
1189 1249 1259 1310 uo
1311 1220 1535 1334 descriptus.

802 1340 955 1424 Eodem
987 1334 1139 1451 prorsus
1162 1339 1285 1422 modo
1310 1365 1393 1451 quo
1423 1337 1463 1418 in
1489 1362 1600 1448 praec.
1629 1365 1678 1422 ex
1713 1361 1738 1419 n
1766 1337 1958 1422 ducantur
1976 1366 2056 1422 rec·

746 1481 793 1540 tae
826 1453 1010 1538 circulum
1035 1475 1094 1533 ou
1111 1454 1400 1563 ,confingentes
1425 1452 1465 1534 in
1491 1475 1519 1532 n
1541 1455 1582 1532 δι
1611 1473 1661 1550 1,
1690 1478 1854 1564 quanam
1881 1475 1942 1534 nn
1966 1481 2054 1536 cum

704 1565 706 1570 ’
744 1564 913 1680 ipsane
941 1563 1129 1678 producta
1144 1590 1349 1650 concurrat
1375 1566 1415 1647 in
1447 1590 1503 1652 ut
1539 1567 1580 1646 δι
1609 1591 1658 1648 ex
1683 1595 1706 1646 u
1733 1564 1922 1647 ducantur
1941 1573 2053 1651 redlae

746 1703 949 1792 tangentes
989 1677 1172 1761 circulum
1197 1703 1254 1760 on
1281 1677 1321 1763 in
1348 1682 1434 1762 L&
1458 1703 1503 1759 n.
1555 1679 1628 1760 Per
1662 1675 1776 1788 Prop.
1801 1702 1967 1761 xxxtt.
1986 1676 2051 1762 El.

744 1820 774 1880 1.
801 1794 961 1903 angulus
993 1815 1092 1872 acu
1135 1791 1290 1902 aqualis
1323 1795 1376 1876 est
1410 1815 1517 1874 nito
1557 1795 1597 1874 δι
1633 1816 1736 1874 unt<
1771 1789 1913 1876 simul:
1973 1790 2051 1876 Sed

747 1931 855 1992 nito
887 1906 941 1990 est
972 1904 1148 2017 proxime
1172 1899 1459 2018 aqualis'nnt
1487 1935 1498 1994 3
1542 1907 1583 1986 &
1608 1903 1724 2018 igitur
1749 1929 1853 1987 nco
1896 1907 2051 2019 aequalis

747 2025 800 2107 est
825 2045 941 2102 aut,
970 2022 1011 2100 dc
1040 2043 1099 2098 ua
1116 2043 1145 2098 u
1178 2015 1299 2104 simul.
1358 2023 1409 2104 Et
1438 2014 1625 2103 sumendo
1647 2021 1786 2103 horum
1803 2017 1968 2128 duplos,
1987 2047 2050 2102 an·

742 2136 857 2334 gulus
893 2155 987 2216 nco
1016 2129 1174 2244 aqualis
1223 2133 1279 2219 est
1326 2133 1475 2250 angulis
1521 2155 1627 2216 unt.
1684 2135 1725 2215 dc
1768 2155 1885 2217 tau
1942 2131 2047 2218 fimul

759 2247 934 2359 umptis.·

802 2368 974 2447 Ponatur
1003 2364 1187 2448 alterutra
1221 2355 1390 2473 sphaera,
1415 2389 1460 2444 v.
1484 2389 1530 2472 g.
1564 2387 1628 2447 ro
1655 2385 1811 2476 opaca,
1836 2364 1877 2444 δι
1905 2355 2046 2447 secetur

637 2569 638 2572 Ν
744 2503 868 2562 conus
892 2472 1171 2589 penumbrosus
1205 2476 1325 2587 plano
1353 2475 1451 2561 bafis
1478 2477 1599 2589 plano
1629 2475 1818 2588 parallelo
1846 2533 1863 2572 ,γ
1902 2473 2045 2588 fietque

743 2591 907 2676 circulus
939 2593 1044 2697 cujus
1074 2588 1262 2674 diameter
1296 2613 1364 2676 No
1399 2591 1454 2674 est
1479 2597 1588 2676 tedlae
1613 2589 1764 2674 nauel
1797 2615 1857 2672 eo
1892 2589 2045 2704 paralle-

742 2704 809 2800 la,
837 2700 1019 2815 cujusque
1045 2727 1222 2788 centrum
1256 2729 1276 2786 1¹
1307 2706 1360 2787 est
1390 2704 1430 2786 in
1455 2713 1527 2788 axe
1556 2705 1677 2794 conia
1716 2729 1765 2786 ex
1797 2729 1880 2815 quo
1909 2705 2044 2788 ducan-

743 2838 808 2901 tur
842 2841 946 2918 ω,
987 2842 1047 2901 un
1087 2816 1272 2899 circulum
1305 2841 1367 2898 ro
1409 2840 1641 2927 tangentes,
1679 2822 1719 2900 &
1748 2818 1956 2930 jungantur
1970 2843 2044 2901 rec·
2160 2808 2161 2827 ¹

742 2951 792 3014 tae
824 2955 916 3029 au,
949 2953 1036 3014 nn.
1063 2932 1136 3012 Per
1152 2929 1262 3040 Prop.
1287 2954 1459 3013 xxx11.
1479 2927 1542 3011 El.
1560 2957 1590 3013 1.
1619 2931 1782 3042 angulus
1815 2952 1910 3015 eun
1926 2959 2043 3044 atqua-

742 3044 791 3128 lis
815 3046 877 3127 'est
908 3068 1007 3127 auc
1040 3049 1080 3128 δι
1112 3067 1208 3126 ucn
1246 3041 1354 3127 fimul
1387 3038 1575 3158 sumptis:
1620 3046 1699 3128 Sed
1729 3041 1788 3152 (st
1810 3069 1874 3130 un
1908 3043 2043 3130 fitferc
2159 3053 2160 3133 l

742 3157 900 3270 aqualis
933 3181 1016 3257 nr,
1058 3155 1169 3268 quod
1198 3149 1377 3270 suppono
1410 3159 1429 3268 )
1475 3181 1575 3259 arte
1607 3158 1661 3240 est
1684 3157 1861 3272 proxime
1894 3161 2043 3273 aqualis

742 3295 869 3372 uro,
909 3273 949 3352 &
983 3270 1106 3355 modo
1127 3267 1317 3355 ostensum
1344 3275 1397 3355 est
1428 3298 1529 3355 acu
1564 3265 1639 3356 elle
1670 3273 1855 3385 aqualem
1886 3297 1983 3355 nnt
2005 3277 2042 3354 dt

600 3439 605 3450 ·
741 3409 842 3469 unit
888 3381 997 3468 fimul
1021 3380 1206 3494 sumptist
1230 3391 1271 3468 δι
1297 3385 1413 3496 igitur
1447 3409 1546 3470 nuta
1575 3387 1731 3496 aequalis
1757 3386 1813 3469 est
1838 3410 2041 3500 aggregato
2158 3418 2159 3439 Ν

729 3500 856 3581 -trium
865 3497 1095 3608 angulorum
1110 3524 1132 3579 tt
1147 3523 1166 3580 r
1179 3524 1240 3599 o,
1259 3523 1357 3581 unu
1374 3503 1414 3581 &
1429 3527 1457 3583 n
1470 3525 1493 3582 u
1504 3523 1541 3582 ι.
1556 3501 1607 3582 Et
1622 3494 1808 3584 sumendo
1825 3501 1965 3586 horum
1980 3499 2044 3581 du·

741 3610 862 3724 pios,
889 3612 1051 3721 angulus
1095 3637 1124 3696 o
1138 3635 1202 3696 uu
1228 3614 1385 3724 aqualis
1415 3616 1468 3700 est
1499 3637 1710 3726 aggregato
1741 3612 1856 3706 trituu
1886 3615 2043 3728 arguo
2157 3705 2158 3724 p

741 3731 1347 3826 rumonn,nn1&tun.
2157 3725 2158 3738 '

1196 3898 1613 3984 Senottun

794 4062 835 4146 Si
870 4055 1008 4175 sphaeta
1032 4089 1090 4148 nt
1128 4057 1270 4147 referat
1287 4061 1461 4167 Solem,
1515 4091 1577 4152 ao
1612 4071 1814 4167 Terram3
1855 4071 1896 4152 dt
1924 4091 2041 4156 nno

739 4201 888 4286 partem
907 4178 1053 4260 Orbitae
1073 4179 1260 4268 Lunarisr
1310 4180 1533 4265 Penumbrae
1563 4185 1856 4268 Semidiameter
1882 4212 1931 4266 ex
1961 4211 2044 4266 cen·
2155 4211 2156 4292 ξ

740 4311 803 4372 tro
831 4293 957 4372 Terrae
986 4285 1063 4371 visa
1104 4291 1262 4403 aqualis
1298 4293 1352 4376 est
1389 4290 1539 4378 summae
1572 4299 1827 4382 Parallaxium
1865 4296 2044 4380 horizon·
2155 4293 2156 4296 ‘

739 4403 874 4484 talium
897 4404 999 4498 Solis
1029 4406 1208 4488 &Luna
1238 4409 1354 4490 aucta
1379 4411 1676 4495 Semidiametro
1701 4410 1902 4523 apparenti
1927 4411 2068 4492 Solin'

794 4511 891 4598 ntfi
910 4514 1050 4625 sphaera
1069 4545 1124 4600 ot
1142 4516 1282 4606 referat
1297 4523 1430 4606 Solem
1445 4581 1459 4620 ‚
1477 4549 1540 4606 tto
1569 4529 1742 4621 Lunam,
1760 4547 1789 4606 Ν
1808 4547 1828 4606 n
1851 4547 1880 4604 o
1899 4525 2046 4633 portio·
2154 4513 2155 4538 ¹

736 4657 826 4716 nem
841 4623 948 4715 Disci
963 4629 1126 4720 Telluris
1147 4633 1187 4718 in
1214 4661 1333 4746 quam
1352 4637 1571 4726 Penumbta
1598 4638 1736 4726 incidit
1763 4650 1803 4730 t*
1820 4633 2045 4722 Penutnbra

1923 4751 2044 4836 Semi-

2072 5279 2152 5660 l
