<?xml version="1.0" encoding="UTF-8"?>
<!DOCTYPE html PUBLIC "-//W3C//DTD XHTML 1.0 Transitional//EN"
    "http://www.w3.org/TR/xhtml1/DTD/xhtml1-transitional.dtd">
<html xmlns="http://www.w3.org/1999/xhtml" xml:lang="en" lang="en">
 <head>
  <title>
</title>
<meta http-equiv="Content-Type" content="text/html;charset=utf-8" />
  <meta name='ocr-system' content='tesseract 3.04.00' />
  <meta name='ocr-capabilities' content='ocr_page ocr_carea ocr_par ocr_line ocrx_word'/>
</head>
<body>
  <div class='ocr_page' id='page_1' title='image "./davidisgregorii00huargoog_0373.png"; bbox 0 0 4322 5686; ppageno 0'>
   <div class='ocr_carea' id='block_1_1' title="bbox 699 545 1837 648">
    <p class='ocr_par' dir='ltr' id='par_1_1' title="bbox 699 545 1837 648">
     <span class='ocr_line' id='line_1_1' title="bbox 699 545 1837 648; baseline -0.005 -18"><span class='ocrx_word' id='word_1_1' title='bbox 699 557 770 648; x_wconf 85' lang='lat'>728</span> <span class='ocrx_word' id='word_1_2' title='bbox 892 545 1433 625; x_wconf 8' lang='lat' dir='ltr'>AwsTttolvoarlAE</span> <span class='ocrx_word' id='word_1_3' title='bbox 1480 549 1837 626; x_wconf 67' lang='lat' dir='ltr'>taratra</span> 
     </span>
    </p>
   </div>
   <div class='ocr_carea' id='block_1_2' title="bbox 696 669 2033 1664">
    <p class='ocr_par' dir='ltr' id='par_1_2' title="bbox 696 669 2033 1664">
     <span class='ocr_line' id='line_1_2' title="bbox 697 669 2030 786; baseline -0.005 -21"><span class='ocrx_word' id='word_1_4' title='bbox 697 683 776 765; x_wconf 90' lang='lat' dir='ltr'>hoc</span> <span class='ocrx_word' id='word_1_5' title='bbox 804 673 888 765; x_wconf 89' lang='lat' dir='ltr'>casu</span> <span class='ocrx_word' id='word_1_6' title='bbox 917 680 1128 764; x_wconf 87' lang='lat' dir='ltr'>illustratur.</span> <span class='ocrx_word' id='word_1_7' title='bbox 1199 682 1331 786; x_wconf 79' lang='lat' dir='ltr'>Quam</span> <span class='ocrx_word' id='word_1_8' title='bbox 1358 677 1434 758; x_wconf 90' lang='lat' dir='ltr'>lata</span> <span class='ocrx_word' id='word_1_9' title='bbox 1463 698 1591 760; x_wconf 89' lang='lat' dir='ltr'>autern</span> <span class='ocrx_word' id='word_1_10' title='bbox 1619 672 1663 758; x_wconf 88' lang='lat' dir='ltr'>srt</span> <span class='ocrx_word' id='word_1_11' title='bbox 1688 669 1798 759; x_wconf 83' lang='lat' dir='ltr'>Zo&#39;na</span> <span class='ocrx_word' id='word_1_12' title='bbox 1826 673 1928 772; x_wconf 83' lang='lat' dir='ltr'>isla,</span> <span class='ocrx_word' id='word_1_13' title='bbox 1963 701 2030 786; x_wconf 90' lang='lat' dir='ltr'>per</span> 
     </span>
     <span class='ocr_line' id='line_1_3' title="bbox 698 781 2031 883; baseline -0.005 -9"><span class='ocrx_word' id='word_1_14' title='bbox 698 787 987 874; x_wconf 88' lang='lat' dir='ltr'>observationes</span> <span class='ocrx_word' id='word_1_15' title='bbox 1040 791 1079 871; x_wconf 93' lang='lat' dir='ltr'>in</span> <span class='ocrx_word' id='word_1_16' title='bbox 1130 787 1282 870; x_wconf 81' lang='lat' dir='ltr'>Tellure</span> <span class='ocrx_word' id='word_1_17' title='bbox 1327 785 1442 869; x_wconf 71' lang='lat' dir='ltr'>sallas</span> <span class='ocrx_word' id='word_1_18' title='bbox 1481 781 1630 867; x_wconf 82' lang='lat' dir='ltr'>diflicile</span> <span class='ocrx_word' id='word_1_19' title='bbox 1669 787 1722 870; x_wconf 88' lang='lat' dir='ltr'>est</span> <span class='ocrx_word' id='word_1_20' title='bbox 1759 783 2031 883; x_wconf 89' lang='lat' dir='ltr'>determinare,</span> 
     </span>
     <span class='ocr_line' id='line_1_4' title="bbox 698 889 2030 1007; baseline -0.004 -24"><span class='ocrx_word' id='word_1_21' title='bbox 698 897 785 984; x_wconf 81' lang='lat' dir='ltr'>clun</span> <span class='ocrx_word' id='word_1_22' title='bbox 820 897 964 981; x_wconf 85' lang='lat' dir='ltr'>Annuli</span> <span class='ocrx_word' id='word_1_23' title='bbox 1001 895 1172 980; x_wconf 86' lang='lat' dir='ltr'>crallities</span> <span class='ocrx_word' id='word_1_24' title='bbox 1201 898 1338 1007; x_wconf 82' lang='lat' dir='ltr'>exigua</span> <span class='ocrx_word' id='word_1_25' title='bbox 1367 893 1409 976; x_wconf 85' lang='lat' dir='ltr'>fit</span> <span class='ocrx_word' id='word_1_26' title='bbox 1443 925 1453 983; x_wconf 91' lang='lat'>;</span> <span class='ocrx_word' id='word_1_27' title='bbox 1482 894 1598 974; x_wconf 71' lang='lat' dir='ltr'>&#39;illam</span> <span class='ocrx_word' id='word_1_28' title='bbox 1625 889 1822 1001; x_wconf 78' lang='lat' dir='ltr'>Hagenins</span> <span class='ocrx_word' id='word_1_29' title='bbox 1852 892 2030 978; x_wconf 82' lang='lat' dir='ltr'>sexcenta</span> 
     </span>
     <span class='ocr_line' id='line_1_5' title="bbox 699 997 2033 1114; baseline -0.004 -23"><span class='ocrx_word' id='word_1_30' title='bbox 699 1009 871 1092; x_wconf 86' lang='lat' dir='ltr'>milliaria</span> <span class='ocrx_word' id='word_1_31' title='bbox 900 1004 1129 1087; x_wconf 82' lang='lat' dir='ltr'>Germanica</span> <span class='ocrx_word' id='word_1_32' title='bbox 1156 1002 1303 1101; x_wconf 86' lang='lat' dir='ltr'>efficere</span> <span class='ocrx_word' id='word_1_33' title='bbox 1330 1030 1451 1113; x_wconf 86' lang='lat' dir='ltr'>putat.</span> <span class='ocrx_word' id='word_1_34' title='bbox 1527 1007 1639 1113; x_wconf 81' lang='lat' dir='ltr'>Hanc</span> <span class='ocrx_word' id='word_1_35' title='bbox 1668 1031 1715 1085; x_wconf 86' lang='lat' dir='ltr'>ex</span> <span class='ocrx_word' id='word_1_36' title='bbox 1732 1004 1884 1087; x_wconf 89' lang='lat' dir='ltr'>Satumi</span> <span class='ocrx_word' id='word_1_37' title='bbox 1906 997 2033 1114; x_wconf 91' lang='lat' dir='ltr'>super-</span> 
     </span>
     <span class='ocr_line' id='line_1_6' title="bbox 699 1109 2032 1222; baseline -0.004 -23"><span class='ocrx_word' id='word_1_38' title='bbox 699 1115 786 1200; x_wconf 88' lang='lat' dir='ltr'>ficie</span> <span class='ocrx_word' id='word_1_39' title='bbox 826 1112 1002 1198; x_wconf 68' lang='lat' dir='ltr'>accurate</span> <span class='ocrx_word' id='word_1_40' title='bbox 1044 1113 1296 1197; x_wconf 89' lang='lat' dir='ltr'>determinare</span> <span class='ocrx_word' id='word_1_41' title='bbox 1333 1111 1444 1196; x_wconf 85' lang='lat' dir='ltr'>facile</span> <span class='ocrx_word' id='word_1_42' title='bbox 1482 1113 1598 1209; x_wconf 90' lang='lat' dir='ltr'>erit,</span> <span class='ocrx_word' id='word_1_43' title='bbox 1650 1109 1736 1195; x_wconf 86' lang='lat' dir='ltr'>clun</span> <span class='ocrx_word' id='word_1_44' title='bbox 1780 1115 1898 1221; x_wconf 92' lang='lat' dir='ltr'>paulo</span> <span class='ocrx_word' id='word_1_45' title='bbox 1946 1112 2032 1222; x_wconf 85' lang='lat' dir='ltr'>plus</span> 
     </span>
     <span class='ocr_line' id='line_1_7' title="bbox 699 1215 2033 1336; baseline -0.001 -30"><span class='ocrx_word' id='word_1_46' title='bbox 699 1223 817 1336; x_wconf 75' lang='lat' dir='ltr'>quim</span> <span class='ocrx_word' id='word_1_47' title='bbox 854 1221 1134 1307; x_wconf 79' lang='lat' dir='ltr'>semidiametro</span> <span class='ocrx_word' id='word_1_48' title='bbox 1173 1215 1281 1332; x_wconf 90' lang='lat' dir='ltr'>supra</span> <span class='ocrx_word' id='word_1_49' title='bbox 1323 1219 1484 1306; x_wconf 88' lang='lat' dir='ltr'>eandem</span> <span class='ocrx_word' id='word_1_50' title='bbox 1528 1222 1711 1305; x_wconf 82' lang='lat' dir='ltr'>elevetur.</span> <span class='ocrx_word' id='word_1_51' title='bbox 1801 1223 1841 1305; x_wconf 87' lang='lat' dir='ltr'>Si</span> <span class='ocrx_word' id='word_1_52' title='bbox 1883 1223 2033 1304; x_wconf 83' lang='lat' dir='ltr'>Oculus</span> 
     </span>
     <span class='ocr_line' id='line_1_8' title="bbox 701 1328 2033 1444; baseline -0.004 -28"><span class='ocrx_word' id='word_1_53' title='bbox 701 1358 810 1416; x_wconf 85' lang='lat' dir='ltr'>extra</span> <span class='ocrx_word' id='word_1_54' title='bbox 838 1339 1090 1444; x_wconf 81' lang='lat' dir='ltr'>AEquatorem</span> <span class='ocrx_word' id='word_1_55' title='bbox 1118 1331 1259 1442; x_wconf 84' lang='lat' dir='ltr'>pofitus</span> <span class='ocrx_word' id='word_1_56' title='bbox 1288 1330 1561 1442; x_wconf 81' lang='lat' dir='ltr'>intelligatur,</span> <span class='ocrx_word' id='word_1_57' title='bbox 1607 1328 1767 1439; x_wconf 89' lang='lat' dir='ltr'>spatium</span> <span class='ocrx_word' id='word_1_58' title='bbox 1795 1330 1902 1414; x_wconf 83' lang='lat' dir='ltr'>Coeli</span> <span class='ocrx_word' id='word_1_59' title='bbox 1935 1359 2033 1412; x_wconf 91' lang='lat' dir='ltr'>con-</span> 
     </span>
     <span class='ocr_line' id='line_1_9' title="bbox 696 1435 2033 1552; baseline -0.002 -27"><span class='ocrx_word' id='word_1_60' title='bbox 696 1444 824 1526; x_wconf 87' lang='lat' dir='ltr'>tinens</span> <span class='ocrx_word' id='word_1_61' title='bbox 847 1441 980 1525; x_wconf 85' lang='lat' dir='ltr'>Stellas</span> <span class='ocrx_word' id='word_1_62' title='bbox 1003 1442 1052 1541; x_wconf 91' lang='lat' dir='ltr'>ab</span> <span class='ocrx_word' id='word_1_63' title='bbox 1082 1439 1241 1523; x_wconf 84' lang='lat' dir='ltr'>Annulo</span> <span class='ocrx_word' id='word_1_64' title='bbox 1268 1443 1385 1522; x_wconf 65' lang='lat' dir='ltr'>tedas</span> <span class='ocrx_word' id='word_1_65' title='bbox 1409 1435 1564 1523; x_wconf 86' lang='lat' dir='ltr'>diversae</span> <span class='ocrx_word' id='word_1_66' title='bbox 1593 1441 1665 1522; x_wconf 85' lang='lat' dir='ltr'>erit</span> <span class='ocrx_word' id='word_1_67' title='bbox 1693 1439 1960 1552; x_wconf 84' lang='lat' dir='ltr'>magnitudinis</span> <span class='ocrx_word' id='word_1_68' title='bbox 1989 1444 2033 1522; x_wconf 91' lang='lat'>&amp;</span> 
     </span>
     <span class='ocr_line' id='line_1_10' title="bbox 697 1544 1447 1664; baseline -0.008 -28"><span class='ocrx_word' id='word_1_69' title='bbox 697 1549 826 1664; x_wconf 77' lang='lat' dir='ltr'>figunt</span> <span class='ocrx_word' id='word_1_70' title='bbox 850 1608 865 1648; x_wconf 88' lang='lat'>,</span> <span class='ocrx_word' id='word_1_71' title='bbox 893 1544 974 1660; x_wconf 67' lang='lat' dir='ltr'>&#39;pro</span> <span class='ocrx_word' id='word_1_72' title='bbox 997 1547 1149 1633; x_wconf 89' lang='lat' dir='ltr'>diverso</span> <span class='ocrx_word' id='word_1_73' title='bbox 1169 1549 1281 1632; x_wconf 85' lang='lat' dir='ltr'>Oculi</span> <span class='ocrx_word' id='word_1_74' title='bbox 1302 1547 1385 1632; x_wconf 77' lang='lat' dir='ltr'>situ.</span> <span class='ocrx_word' id='word_1_75' title='bbox 1442 1576 1447 1586; x_wconf 68' lang='grc'><em>“</em></span> 
     </span>
    </p>
   </div>
   <div class='ocr_carea' id='block_1_3' title="bbox 696 1717 2033 2491">
    <p class='ocr_par' dir='ltr' id='par_1_3' title="bbox 696 1717 2033 2491">
     <span class='ocr_line' id='line_1_11' title="bbox 755 1717 2033 1822; baseline -0.005 -12"><span class='ocrx_word' id='word_1_76' title='bbox 755 1731 830 1810; x_wconf 89' lang='lat' dir='ltr'>Per</span> <span class='ocrx_word' id='word_1_77' title='bbox 857 1723 962 1810; x_wconf 82' lang='lat' dir='ltr'>Anni</span> <span class='ocrx_word' id='word_1_78' title='bbox 989 1727 1154 1810; x_wconf 89' lang='lat' dir='ltr'>Saturnii</span> <span class='ocrx_word' id='word_1_79' title='bbox 1182 1719 1361 1810; x_wconf 75' lang='lat' dir='ltr'>semissem</span> <span class='ocrx_word' id='word_1_80' title='bbox 1395 1783 1407 1822; x_wconf 88' lang='lat'>‚</span> <span class='ocrx_word' id='word_1_81' title='bbox 1445 1723 1565 1808; x_wconf 88' lang='lat' dir='ltr'>altera</span> <span class='ocrx_word' id='word_1_82' title='bbox 1592 1721 1736 1807; x_wconf 81' lang='lat' dir='ltr'>Annuli</span> <span class='ocrx_word' id='word_1_83' title='bbox 1764 1719 1877 1804; x_wconf 88' lang='lat' dir='ltr'>facies</span> <span class='ocrx_word' id='word_1_84' title='bbox 1904 1717 1928 1804; x_wconf 80' lang='lat' dir='ltr'>ai</span> <span class='ocrx_word' id='word_1_85' title='bbox 1952 1721 2033 1804; x_wconf 87' lang='lat' dir='ltr'>So-</span> 
     </span>
     <span class='ocr_line' id='line_1_12' title="bbox 696 1829 2033 1944; baseline -0.006 -24"><span class='ocrx_word' id='word_1_86' title='bbox 696 1838 735 1920; x_wconf 90' lang='lat' dir='ltr'>le</span> <span class='ocrx_word' id='word_1_87' title='bbox 758 1836 1000 1932; x_wconf 59' lang='lat' dir='ltr'>illustratum</span> <span class='ocrx_word' id='word_1_88' title='bbox 1039 1835 1152 1918; x_wconf 74' lang='lat' dir='ltr'>&#39;unde</span> <span class='ocrx_word' id='word_1_89' title='bbox 1188 1835 1255 1944; x_wconf 91' lang='lat' dir='ltr'>qui</span> <span class='ocrx_word' id='word_1_90' title='bbox 1291 1833 1385 1918; x_wconf 83' lang='lat' dir='ltr'>illud</span> <span class='ocrx_word' id='word_1_91' title='bbox 1423 1829 1720 1944; x_wconf 76' lang='lat' dir='ltr'>hemisphaerium</span> <span class='ocrx_word' id='word_1_92' title='bbox 1759 1829 1930 1914; x_wconf 88' lang='lat' dir='ltr'>incolunt</span> <span class='ocrx_word' id='word_1_93' title='bbox 1970 1830 2033 1912; x_wconf 91' lang='lat' dir='ltr'>cui</span> 
     </span>
     <span class='ocr_line' id='line_1_13' title="bbox 697 1936 2031 2054; baseline -0.007 -25"><span class='ocrx_word' id='word_1_94' title='bbox 697 1947 777 2029; x_wconf 73' lang='lat' dir='ltr'>hac</span> <span class='ocrx_word' id='word_1_95' title='bbox 819 1945 1075 2042; x_wconf 83' lang='lat' dir='ltr'>obvertitur,</span> <span class='ocrx_word' id='word_1_96' title='bbox 1116 1944 1192 2026; x_wconf 91' lang='lat' dir='ltr'>hoc</span> <span class='ocrx_word' id='word_1_97' title='bbox 1233 1945 1319 2040; x_wconf 87' lang='lat' dir='ltr'>est,</span> <span class='ocrx_word' id='word_1_98' title='bbox 1354 1943 1427 2054; x_wconf 86' lang='lat' dir='ltr'>qui</span> <span class='ocrx_word' id='word_1_99' title='bbox 1464 1943 1624 2024; x_wconf 83' lang='lat' dir='ltr'>aestatem</span> <span class='ocrx_word' id='word_1_100' title='bbox 1654 1941 1833 2037; x_wconf 89' lang='lat' dir='ltr'>habent,</span> <span class='ocrx_word' id='word_1_101' title='bbox 1881 1936 2031 2022; x_wconf 80' lang='lat' dir='ltr'>Annuli</span> 
     </span>
     <span class='ocr_line' id='line_1_14' title="bbox 699 2045 2032 2164; baseline -0.003 -30"><span class='ocrx_word' id='word_1_102' title='bbox 699 2055 955 2164; x_wconf 86' lang='lat' dir='ltr'>portionem,</span> <span class='ocrx_word' id='word_1_103' title='bbox 993 2081 1079 2164; x_wconf 86' lang='lat' dir='ltr'>quae</span> <span class='ocrx_word' id='word_1_104' title='bbox 1107 2051 1217 2162; x_wconf 87' lang='lat' dir='ltr'>supra</span> <span class='ocrx_word' id='word_1_105' title='bbox 1244 2054 1500 2135; x_wconf 81' lang='lat' dir='ltr'>Horizontem</span> <span class='ocrx_word' id='word_1_106' title='bbox 1529 2051 1687 2146; x_wconf 84' lang='lat' dir='ltr'>exstat,</span> <span class='ocrx_word' id='word_1_107' title='bbox 1735 2047 1953 2132; x_wconf 76' lang='lat' dir='ltr'>illustratam</span> <span class='ocrx_word' id='word_1_108' title='bbox 1982 2045 2032 2130; x_wconf 89' lang='lat' dir='ltr'>de</span> 
     </span>
     <span class='ocr_line' id='line_1_15' title="bbox 697 2153 2030 2267; baseline -0.004 -23"><span class='ocrx_word' id='word_1_109' title='bbox 697 2161 762 2244; x_wconf 90' lang='lat' dir='ltr'>die</span> <span class='ocrx_word' id='word_1_110' title='bbox 800 2185 957 2244; x_wconf 88' lang='lat' dir='ltr'>cernunt</span> <span class='ocrx_word' id='word_1_111' title='bbox 992 2165 1158 2245; x_wconf 87' lang='lat' dir='ltr'>tenuiter</span> <span class='ocrx_word' id='word_1_112' title='bbox 1196 2161 1386 2244; x_wconf 89' lang='lat' dir='ltr'>lucentem</span> <span class='ocrx_word' id='word_1_113' title='bbox 1426 2165 1442 2259; x_wconf 91' lang='lat'>(</span> <span class='ocrx_word' id='word_1_114' title='bbox 1454 2159 1547 2242; x_wconf 78' lang='lat' dir='ltr'>sicut</span> <span class='ocrx_word' id='word_1_115' title='bbox 1573 2185 1645 2242; x_wconf 87' lang='lat' dir='ltr'>nos</span> <span class='ocrx_word' id='word_1_116' title='bbox 1673 2161 1820 2241; x_wconf 88' lang='lat' dir='ltr'>Lunam</span> <span class='ocrx_word' id='word_1_117' title='bbox 1849 2153 2030 2267; x_wconf 76' lang='lat' dir='ltr'>p&#39;raesente</span> 
     </span>
     <span class='ocr_line' id='line_1_16' title="bbox 701 2262 2031 2380; baseline -0.005 -25"><span class='ocrx_word' id='word_1_118' title='bbox 701 2269 821 2364; x_wconf 78' lang='lat' dir='ltr'>Sole)</span> <span class='ocrx_word' id='word_1_119' title='bbox 863 2267 888 2351; x_wconf 87' lang='lat' dir='ltr'>st</span> <span class='ocrx_word' id='word_1_120' title='bbox 927 2262 1174 2380; x_wconf 82' lang='lat' dir='ltr'>atmosphara</span> <span class='ocrx_word' id='word_1_121' title='bbox 1209 2273 1372 2354; x_wconf 85' lang='lat' dir='ltr'>Saturno</span> <span class='ocrx_word' id='word_1_122' title='bbox 1409 2265 1760 2367; x_wconf 83' lang='lat' dir='ltr'>circumfundatur,</span> <span class='ocrx_word' id='word_1_123' title='bbox 1800 2273 1841 2351; x_wconf 80' lang='lat' dir='ltr'>dt</span> <span class='ocrx_word' id='word_1_124' title='bbox 1874 2267 1927 2351; x_wconf 90' lang='lat' dir='ltr'>ad</span> <span class='ocrx_word' id='word_1_125' title='bbox 1952 2269 2031 2376; x_wconf 92' lang='lat' dir='ltr'>pla·</span> 
     </span>
     <span class='ocr_line' id='line_1_17' title="bbox 697 2371 2033 2491; baseline -0.001 -31"><span class='ocrx_word' id='word_1_126' title='bbox 697 2407 788 2491; x_wconf 83' lang='lat' dir='ltr'>gam</span> <span class='ocrx_word' id='word_1_127' title='bbox 826 2371 974 2480; x_wconf 61' lang='lat' dir='ltr'>versus,</span> <span class='ocrx_word' id='word_1_128' title='bbox 995 2405 1112 2489; x_wconf 91' lang='lat' dir='ltr'>quam</span> <span class='ocrx_word' id='word_1_129' title='bbox 1150 2379 1204 2462; x_wconf 88' lang='lat' dir='ltr'>est</span> <span class='ocrx_word' id='word_1_130' title='bbox 1239 2383 1355 2462; x_wconf 84' lang='lat' dir='ltr'>Polus</span> <span class='ocrx_word' id='word_1_131' title='bbox 1382 2373 1569 2488; x_wconf 79' lang='lat' dir='ltr'>depressus</span> <span class='ocrx_word' id='word_1_132' title='bbox 1596 2375 1793 2487; x_wconf 72' lang='lat' dir='ltr'>politamt</span> <span class='ocrx_word' id='word_1_133' title='bbox 1836 2375 1889 2462; x_wconf 90' lang='lat' dir='ltr'>de</span> <span class='ocrx_word' id='word_1_134' title='bbox 1917 2381 2033 2461; x_wconf 75' lang='lat' dir='ltr'>nocte</span> 
     </span>
    </p>
   </div>
   <div class='ocr_carea' id='block_1_4' title="bbox 571 2482 2032 2592">
    <p class='ocr_par' dir='ltr' id='par_1_4' title="bbox 571 2482 2032 2592">
     <span class='ocr_line' id='line_1_18' title="bbox 571 2482 2032 2592; baseline 0.001 -24"><span class='ocrx_word' id='word_1_135' title='bbox 571 2577 575 2586; x_wconf 58' lang='grc'>,</span> <span class='ocrx_word' id='word_1_136' title='bbox 638 2482 640 2490; x_wconf 75' lang='grc'><strong>’</strong></span> <span class='ocrx_word' id='word_1_137' title='bbox 698 2485 796 2570; x_wconf 76' lang='lat' dir='ltr'>veti&gt;</span> <span class='ocrx_word' id='word_1_138' title='bbox 819 2487 898 2592; x_wconf 84' lang='lat' dir='ltr'>ejus</span> <span class='ocrx_word' id='word_1_139' title='bbox 924 2485 1055 2570; x_wconf 87' lang='lat' dir='ltr'>lumen</span> <span class='ocrx_word' id='word_1_140' title='bbox 1085 2485 1220 2572; x_wconf 83' lang='lat' dir='ltr'>fortius</span> <span class='ocrx_word' id='word_1_141' title='bbox 1244 2490 1336 2586; x_wconf 85' lang='lat' dir='ltr'>est,</span> <span class='ocrx_word' id='word_1_142' title='bbox 1378 2485 1541 2571; x_wconf 86' lang='lat' dir='ltr'>ficut&amp;</span> <span class='ocrx_word' id='word_1_143' title='bbox 1567 2487 1702 2570; x_wconf 85' lang='lat' dir='ltr'>nosttae</span> <span class='ocrx_word' id='word_1_144' title='bbox 1729 2489 1844 2570; x_wconf 79' lang='lat' dir='ltr'>Lunae</span> <span class='ocrx_word' id='word_1_145' title='bbox 1873 2483 2032 2571; x_wconf 88' lang='lat' dir='ltr'>absente</span> 
     </span>
    </p>
   </div>
   <div class='ocr_carea' id='block_1_5' title="bbox 590 2591 2112 4463">
    <p class='ocr_par' dir='ltr' id='par_1_5' title="bbox 590 2591 2112 4463">
     <span class='ocr_line' id='line_1_19' title="bbox 698 2591 2031 2708; baseline -0.001 -28"><span class='ocrx_word' id='word_1_146' title='bbox 698 2597 831 2680; x_wconf 87' lang='lat' dir='ltr'>Sole:</span> <span class='ocrx_word' id='word_1_147' title='bbox 872 2599 921 2678; x_wconf 87' lang='lat' dir='ltr'>Et</span> <span class='ocrx_word' id='word_1_148' title='bbox 950 2623 998 2678; x_wconf 89' lang='lat' dir='ltr'>ex</span> <span class='ocrx_word' id='word_1_149' title='bbox 1029 2599 1225 2696; x_wconf 86' lang='lat' dir='ltr'>maculis,</span> <span class='ocrx_word' id='word_1_150' title='bbox 1268 2600 1348 2702; x_wconf 87' lang='lat' dir='ltr'>ejus</span> <span class='ocrx_word' id='word_1_151' title='bbox 1376 2597 1441 2680; x_wconf 87' lang='lat' dir='ltr'>vel</span> <span class='ocrx_word' id='word_1_152' title='bbox 1501 2597 1579 2680; x_wconf 88' lang='lat' dir='ltr'>uies</span> <span class='ocrx_word' id='word_1_153' title='bbox 1606 2597 1671 2679; x_wconf 84' lang='lat' dir='ltr'>vel</span> <span class='ocrx_word' id='word_1_154' title='bbox 1700 2621 1864 2708; x_wconf 84' lang='lat' dir='ltr'>motus,</span> <span class='ocrx_word' id='word_1_155' title='bbox 1904 2591 2031 2702; x_wconf 84' lang='lat' dir='ltr'>hujus·</span> 
     </span>
     <span class='ocr_line' id='line_1_20' title="bbox 697 2625 2030 2816; baseline 0.002 -30"><span class='ocrx_word' id='word_1_156' title='bbox 697 2733 777 2816; x_wconf 88' lang='lat' dir='ltr'>que</span> <span class='ocrx_word' id='word_1_157' title='bbox 805 2705 991 2786; x_wconf 83' lang='lat' dir='ltr'>velocitas</span> <span class='ocrx_word' id='word_1_158' title='bbox 1020 2703 1236 2788; x_wconf 87' lang='lat' dir='ltr'>definietur.</span> <span class='ocrx_word' id='word_1_159' title='bbox 1312 2707 1402 2789; x_wconf 84' lang='lat' dir='ltr'>Post</span> <span class='ocrx_word' id='word_1_160' title='bbox 1431 2625 1531 2790; x_wconf 79' lang='lat' dir='ltr'>Solis</span> <span class='ocrx_word' id='word_1_161' title='bbox 1560 2699 1734 2788; x_wconf 89' lang='lat' dir='ltr'>occasum</span> <span class='ocrx_word' id='word_1_162' title='bbox 1762 2703 1890 2790; x_wconf 80' lang='lat' dir='ltr'>Arcus</span> <span class='ocrx_word' id='word_1_163' title='bbox 1919 2706 2030 2810; x_wconf 74' lang='lat' dir='ltr'>hujus</span> 
     </span>
     <span class='ocr_line' id='line_1_21' title="bbox 700 2811 2027 2924; baseline -0.001 -28"><span class='ocrx_word' id='word_1_164' title='bbox 700 2812 816 2896; x_wconf 89' lang='lat' dir='ltr'>lucidi</span> <span class='ocrx_word' id='word_1_165' title='bbox 851 2839 935 2922; x_wconf 85' lang='lat' dir='ltr'>pars</span> <span class='ocrx_word' id='word_1_166' title='bbox 967 2815 1171 2897; x_wconf 84' lang='lat' dir='ltr'>Orientalis</span> <span class='ocrx_word' id='word_1_167' title='bbox 1198 2813 1334 2899; x_wconf 75' lang='lat' dir='ltr'>umbri</span> <span class='ocrx_word' id='word_1_168' title='bbox 1361 2818 1531 2924; x_wconf 89' lang='lat' dir='ltr'>(nempe</span> <span class='ocrx_word' id='word_1_169' title='bbox 1558 2812 1668 2924; x_wconf 85' lang='lat' dir='ltr'>ipsus</span> <span class='ocrx_word' id='word_1_170' title='bbox 1696 2815 1877 2912; x_wconf 84' lang='lat' dir='ltr'>Saturni)</span> <span class='ocrx_word' id='word_1_171' title='bbox 1908 2811 2027 2902; x_wconf 86' lang='lat' dir='ltr'>infici-</span> 
     </span>
     <span class='ocr_line' id='line_1_22' title="bbox 689 2918 2028 3035; baseline 0.002 -29"><span class='ocrx_word' id='word_1_172' title='bbox 689 2945 789 3018; x_wconf 84' lang='lat' dir='ltr'>tur,</span> <span class='ocrx_word' id='word_1_173' title='bbox 825 2949 940 3034; x_wconf 68' lang='lat' dir='ltr'>quat,</span> <span class='ocrx_word' id='word_1_174' title='bbox 977 2921 1209 3030; x_wconf 83' lang='lat' dir='ltr'>procedente</span> <span class='ocrx_word' id='word_1_175' title='bbox 1240 2927 1390 3022; x_wconf 78' lang='lat' dir='ltr'>noete,</span> <span class='ocrx_word' id='word_1_176' title='bbox 1434 2923 1616 3035; x_wconf 85' lang='lat' dir='ltr'>paulatim</span> <span class='ocrx_word' id='word_1_177' title='bbox 1639 2918 1847 3025; x_wconf 86' lang='lat' dir='ltr'>ascendit,</span> <span class='ocrx_word' id='word_1_178' title='bbox 1900 2925 2028 3009; x_wconf 90' lang='lat' dir='ltr'>donec</span> 
     </span>
     <span class='ocr_line' id='line_1_23' title="bbox 696 3027 2026 3145; baseline 0.002 -31"><span class='ocrx_word' id='word_1_179' title='bbox 696 3033 812 3114; x_wconf 76' lang='lat' dir='ltr'>noue</span> <span class='ocrx_word' id='word_1_180' title='bbox 856 3027 984 3114; x_wconf 74' lang='lat' dir='ltr'>medii</span> <span class='ocrx_word' id='word_1_181' title='bbox 1024 3033 1105 3134; x_wconf 81' lang='lat' dir='ltr'>ejus</span> <span class='ocrx_word' id='word_1_182' title='bbox 1142 3057 1287 3138; x_wconf 87' lang='lat' dir='ltr'>partem</span> <span class='ocrx_word' id='word_1_183' title='bbox 1317 3027 1498 3116; x_wconf 89' lang='lat' dir='ltr'>summam</span> <span class='ocrx_word' id='word_1_184' title='bbox 1526 3031 1604 3116; x_wconf 82' lang='lat' dir='ltr'>live</span> <span class='ocrx_word' id='word_1_185' title='bbox 1633 3036 1817 3118; x_wconf 89' lang='lat' dir='ltr'>verticem</span> <span class='ocrx_word' id='word_1_186' title='bbox 1847 3059 2026 3145; x_wconf 87' lang='lat' dir='ltr'>occupat,</span> 
     </span>
     <span class='ocr_line' id='line_1_24' title="bbox 697 3137 2024 3251; baseline 0.003 -29"><span class='ocrx_word' id='word_1_187' title='bbox 697 3138 801 3222; x_wconf 89' lang='lat' dir='ltr'>unde</span> <span class='ocrx_word' id='word_1_188' title='bbox 835 3139 1018 3247; x_wconf 88' lang='lat' dir='ltr'>paulatim</span> <span class='ocrx_word' id='word_1_189' title='bbox 1055 3137 1182 3224; x_wconf 87' lang='lat' dir='ltr'>versus</span> <span class='ocrx_word' id='word_1_190' title='bbox 1219 3141 1497 3226; x_wconf 88' lang='lat' dir='ltr'>occidentalem</span> <span class='ocrx_word' id='word_1_191' title='bbox 1535 3143 1617 3244; x_wconf 85' lang='lat' dir='ltr'>ejus</span> <span class='ocrx_word' id='word_1_192' title='bbox 1653 3168 1799 3251; x_wconf 90' lang='lat' dir='ltr'>partem</span> <span class='ocrx_word' id='word_1_193' title='bbox 1829 3172 2024 3240; x_wconf 82' lang='lat' dir='ltr'>movetur,</span> 
     </span>
     <span class='ocr_line' id='line_1_25' title="bbox 697 3246 2025 3362; baseline 0.004 -33"><span class='ocrx_word' id='word_1_194' title='bbox 697 3272 815 3357; x_wconf 91' lang='lat' dir='ltr'>prout</span> <span class='ocrx_word' id='word_1_195' title='bbox 842 3246 911 3330; x_wconf 87' lang='lat' dir='ltr'>Sol</span> <span class='ocrx_word' id='word_1_196' title='bbox 939 3247 987 3329; x_wconf 91' lang='lat' dir='ltr'>ad</span> <span class='ocrx_word' id='word_1_197' title='bbox 1017 3273 1145 3332; x_wconf 88' lang='lat' dir='ltr'>ortum</span> <span class='ocrx_word' id='word_1_198' title='bbox 1174 3251 1312 3362; x_wconf 84' lang='lat' dir='ltr'>vergit.</span> <span class='ocrx_word' id='word_1_199' title='bbox 1375 3248 1497 3344; x_wconf 83' lang='lat' dir='ltr'>Arcus</span> <span class='ocrx_word' id='word_1_200' title='bbox 1524 3251 1586 3334; x_wconf 88' lang='lat' dir='ltr'>hic</span> <span class='ocrx_word' id='word_1_201' title='bbox 1614 3251 1754 3336; x_wconf 88' lang='lat' dir='ltr'>lineam</span> <span class='ocrx_word' id='word_1_202' title='bbox 1778 3253 2025 3339; x_wconf 87' lang='lat' dir='ltr'>meridianam</span> 
     </span>
     <span class='ocr_line' id='line_1_26' title="bbox 590 3354 2021 3467; baseline 0.001 -27"><span class='ocrx_word' id='word_1_203' title='bbox 590 3425 592 3429; x_wconf 91' lang='lat'><em>.</em></span> <span class='ocrx_word' id='word_1_204' title='bbox 695 3354 841 3465; x_wconf 89' lang='lat' dir='ltr'>semper</span> <span class='ocrx_word' id='word_1_205' title='bbox 884 3355 1098 3447; x_wconf 80' lang='lat' dir='ltr'>ostendet3</span> <span class='ocrx_word' id='word_1_206' title='bbox 1155 3359 1310 3467; x_wconf 88' lang='lat' dir='ltr'>planum</span> <span class='ocrx_word' id='word_1_207' title='bbox 1350 3362 1453 3444; x_wconf 89' lang='lat' dir='ltr'>enim</span> <span class='ocrx_word' id='word_1_208' title='bbox 1482 3361 1532 3446; x_wconf 89' lang='lat' dir='ltr'>ad</span> <span class='ocrx_word' id='word_1_209' title='bbox 1559 3359 1817 3448; x_wconf 85' lang='lat' dir='ltr'>Horizontem</span> <span class='ocrx_word' id='word_1_210' title='bbox 1846 3367 2021 3458; x_wconf 73' lang='lat' dir='ltr'>erectum,</span> 
     </span>
     <span class='ocr_line' id='line_1_27' title="bbox 748 3461 2025 3564; baseline 0.005 -19"><span class='ocrx_word' id='word_1_211' title='bbox 748 3492 766 3545; x_wconf 88' lang='lat' dir='ltr'>r</span> <span class='ocrx_word' id='word_1_212' title='bbox 795 3461 918 3546; x_wconf 78' lang='lat' dir='ltr'>Arcus</span> <span class='ocrx_word' id='word_1_213' title='bbox 948 3467 1132 3549; x_wconf 88' lang='lat' dir='ltr'>verticem</span> <span class='ocrx_word' id='word_1_214' title='bbox 1160 3465 1368 3564; x_wconf 81' lang='lat' dir='ltr'>transiens,</span> <span class='ocrx_word' id='word_1_215' title='bbox 1404 3472 1523 3556; x_wconf 92' lang='lat' dir='ltr'>estin</span> <span class='ocrx_word' id='word_1_216' title='bbox 1550 3469 1784 3555; x_wconf 87' lang='lat' dir='ltr'>Meridian0.</span> <span class='ocrx_word' id='word_1_217' title='bbox 1855 3475 1893 3558; x_wconf 89' lang='lat' dir='ltr'>Si</span> <span class='ocrx_word' id='word_1_218' title='bbox 1919 3477 2025 3554; x_wconf 90' lang='lat' dir='ltr'>Ocu-</span> 
     </span>
     <span class='ocr_line' id='line_1_28' title="bbox 696 3493 2027 3687; baseline 0.006 -31"><span class='ocrx_word' id='word_1_219' title='bbox 696 3493 747 3656; x_wconf 42' lang='grc' dir='ltr'>ἕξ</span> <span class='ocrx_word' id='word_1_220' title='bbox 763 3570 957 3682; x_wconf 65' lang='lat' dir='ltr'>distantia,</span> <span class='ocrx_word' id='word_1_221' title='bbox 976 3574 1026 3658; x_wconf 86' lang='lat' dir='ltr'>ab</span> <span class='ocrx_word' id='word_1_222' title='bbox 1071 3581 1281 3687; x_wconf 86' lang='lat' dir='ltr'>AEquatore</span> <span class='ocrx_word' id='word_1_223' title='bbox 1316 3580 1442 3665; x_wconf 89' lang='lat' dir='ltr'>minor</span> <span class='ocrx_word' id='word_1_224' title='bbox 1481 3578 1526 3664; x_wconf 85' lang='lat' dir='ltr'>fit</span> <span class='ocrx_word' id='word_1_225' title='bbox 1553 3589 1670 3686; x_wconf 74' lang='lat'>52⁸¹,</span> <span class='ocrx_word' id='word_1_226' title='bbox 1706 3578 1853 3666; x_wconf 76' lang='lat' dir='ltr'>Annuli</span> <span class='ocrx_word' id='word_1_227' title='bbox 1881 3581 2027 3666; x_wconf 81' lang='lat' dir='ltr'>Arcum</span> 
     </span>
     <span class='ocr_line' id='line_1_29' title="bbox 697 3689 2029 3794; baseline 0.008 -32"><span class='ocrx_word' id='word_1_228' title='bbox 697 3707 913 3764; x_wconf 88' lang='lat' dir='ltr'>concavum</span> <span class='ocrx_word' id='word_1_229' title='bbox 942 3694 1065 3794; x_wconf 85' lang='lat' dir='ltr'>‘aeque</span> <span class='ocrx_word' id='word_1_230' title='bbox 1105 3712 1151 3767; x_wconf 92' lang='lat' dir='ltr'>ac</span> <span class='ocrx_word' id='word_1_231' title='bbox 1193 3713 1410 3770; x_wconf 88' lang='lat' dir='ltr'>convexum</span> <span class='ocrx_word' id='word_1_232' title='bbox 1454 3716 1582 3774; x_wconf 88' lang='lat' dir='ltr'>cernet</span> <span class='ocrx_word' id='word_1_233' title='bbox 1619 3731 1635 3788; x_wconf 90' lang='lat'>·,</span> <span class='ocrx_word' id='word_1_234' title='bbox 1696 3692 1808 3774; x_wconf 87' lang='lat' dir='ltr'>instar</span> <span class='ocrx_word' id='word_1_235' title='bbox 1832 3689 2029 3792; x_wconf 36' lang='lat' dir='ltr'>,fornicio</span> 
     </span>
     <span class='ocr_line' id='line_1_30' title="bbox 699 3787 2112 3912; baseline 0.008 -40"><span class='ocrx_word' id='word_1_236' title='bbox 699 3790 790 3883; x_wconf 82' lang='lat' dir='ltr'>hinc</span> <span class='ocrx_word' id='word_1_237' title='bbox 817 3787 908 3872; x_wconf 87' lang='lat' dir='ltr'>inde</span> <span class='ocrx_word' id='word_1_238' title='bbox 935 3792 985 3874; x_wconf 91' lang='lat' dir='ltr'>ab</span> <span class='ocrx_word' id='word_1_239' title='bbox 1014 3794 1231 3878; x_wconf 86' lang='lat' dir='ltr'>Horizonte</span> <span class='ocrx_word' id='word_1_240' title='bbox 1258 3793 1509 3907; x_wconf 86' lang='lat' dir='ltr'>assurgentem</span> <span class='ocrx_word' id='word_1_241' title='bbox 1536 3831 1546 3888; x_wconf 71' lang='grc' dir='ltr'>ς</span> <span class='ocrx_word' id='word_1_242' title='bbox 1585 3796 1683 3881; x_wconf 87' lang='lat' dir='ltr'>infra</span> <span class='ocrx_word' id='word_1_243' title='bbox 1714 3829 1853 3912; x_wconf 89' lang='lat' dir='ltr'>quem,</span> <span class='ocrx_word' id='word_1_244' title='bbox 1883 3826 2030 3907; x_wconf 88' lang='lat' dir='ltr'>nempe</span> <span class='ocrx_word' id='word_1_245' title='bbox 2108 3807 2112 3818; x_wconf 87' lang='lat'>&#39;</span> 
     </span>
     <span class='ocr_line' id='line_1_31' title="bbox 673 3896 2030 4006; baseline 0.007 -27"><span class='ocrx_word' id='word_1_246' title='bbox 673 3899 801 3981; x_wconf 80' lang='lat' dir='ltr'>inter</span> <span class='ocrx_word' id='word_1_247' title='bbox 830 3896 975 3986; x_wconf 80' lang='lat' dir='ltr'>Arcum</span> <span class='ocrx_word' id='word_1_248' title='bbox 1003 3899 1173 3986; x_wconf 91' lang='lat' dir='ltr'>lucidum</span> <span class='ocrx_word' id='word_1_249' title='bbox 1201 3907 1241 3986; x_wconf 67' lang='grc' dir='ltr'>ὃ(</span> <span class='ocrx_word' id='word_1_250' title='bbox 1268 3909 1524 3992; x_wconf 89' lang='lat' dir='ltr'>Horizontem</span> <span class='ocrx_word' id='word_1_251' title='bbox 1537 3967 1551 4006; x_wconf 88' lang='lat'>,</span> <span class='ocrx_word' id='word_1_252' title='bbox 1581 3907 1740 3992; x_wconf 88' lang='lat' dir='ltr'>Coelurn</span> <span class='ocrx_word' id='word_1_253' title='bbox 1768 3933 1897 3994; x_wconf 87' lang='lat' dir='ltr'>cernet</span> <span class='ocrx_word' id='word_1_254' title='bbox 1929 3908 2030 3992; x_wconf 86' lang='lat' dir='ltr'>Stel-</span> 
     </span>
     <span class='ocr_line' id='line_1_32' title="bbox 696 4001 2026 4134; baseline 0.019 -46"><span class='ocrx_word' id='word_1_255' title='bbox 696 4001 825 4134; x_wconf 77' lang='lat' dir='ltr'>lasque</span> <span class='ocrx_word' id='word_1_256' title='bbox 865 4009 904 4090; x_wconf 87' lang='lat' dir='ltr'>in</span> <span class='ocrx_word' id='word_1_257' title='bbox 933 4011 1093 4123; x_wconf 86' lang='lat' dir='ltr'>regione</span> <span class='ocrx_word' id='word_1_258' title='bbox 1119 4011 1198 4096; x_wconf 90' lang='lat' dir='ltr'>ista.</span> <span class='ocrx_word' id='word_1_259' title='bbox 1275 4015 1315 4097; x_wconf 86' lang='lat' dir='ltr'>Si</span> <span class='ocrx_word' id='word_1_260' title='bbox 1331 4015 1439 4122; x_wconf 63' lang='lat' dir='ltr'>⁴vero</span> <span class='ocrx_word' id='word_1_261' title='bbox 1467 4017 1610 4101; x_wconf 85' lang='lat' dir='ltr'>Oculus</span> <span class='ocrx_word' id='word_1_262' title='bbox 1637 4019 1755 4131; x_wconf 85' lang='lat' dir='ltr'>magis</span> <span class='ocrx_word' id='word_1_263' title='bbox 1782 4045 1900 4130; x_wconf 89' lang='lat' dir='ltr'>quam</span> <span class='ocrx_word' id='word_1_264' title='bbox 1934 4027 2026 4125; x_wconf 75' lang='lat'>52⁸¹,</span> 
     </span>
     <span class='ocr_line' id='line_1_33' title="bbox 698 4116 2027 4238; baseline 0.011 -41"><span class='ocrx_word' id='word_1_265' title='bbox 698 4141 821 4198; x_wconf 77' lang='lat' dir='ltr'>minus</span> <span class='ocrx_word' id='word_1_266' title='bbox 859 4117 956 4202; x_wconf 80' lang='lat' dir='ltr'>vero</span> <span class='ocrx_word' id='word_1_267' title='bbox 993 4116 1117 4232; x_wconf 80' lang='lat' dir='ltr'>quim¹</span> <span class='ocrx_word' id='word_1_268' title='bbox 1138 4131 1246 4223; x_wconf 81' lang='lat'><strong>64⁸¹,</strong></span> <span class='ocrx_word' id='word_1_269' title='bbox 1283 4123 1333 4206; x_wconf 89' lang='lat' dir='ltr'>ab</span> <span class='ocrx_word' id='word_1_270' title='bbox 1362 4131 1575 4236; x_wconf 84' lang='lat' dir='ltr'>AEquatore</span> <span class='ocrx_word' id='word_1_271' title='bbox 1597 4124 1743 4218; x_wconf 73' lang='lat' dir='ltr'>distett</span> <span class='ocrx_word' id='word_1_272' title='bbox 1786 4153 1935 4238; x_wconf 85' lang='lat' dir='ltr'>partem</span> <span class='ocrx_word' id='word_1_273' title='bbox 1967 4155 2027 4212; x_wconf 85' lang='lat' dir='ltr'>ca·</span> 
     </span>
     <span class='ocr_line' id='line_1_34' title="bbox 698 4226 2026 4346; baseline 0.012 -44"><span class='ocrx_word' id='word_1_274' title='bbox 698 4248 790 4304; x_wconf 85' lang='lat' dir='ltr'>vam</span> <span class='ocrx_word' id='word_1_275' title='bbox 819 4226 975 4310; x_wconf 88' lang='lat' dir='ltr'>minime</span> <span class='ocrx_word' id='word_1_276' title='bbox 1003 4254 1171 4328; x_wconf 89' lang='lat' dir='ltr'>cernet,</span> <span class='ocrx_word' id='word_1_277' title='bbox 1214 4229 1287 4317; x_wconf 91' lang='lat' dir='ltr'>sed</span> <span class='ocrx_word' id='word_1_278' title='bbox 1315 4234 1648 4344; x_wconf 86' lang='lat' dir='ltr'>lucidum-corpus</span> <span class='ocrx_word' id='word_1_279' title='bbox 1676 4234 1779 4346; x_wconf 87' lang='lat' dir='ltr'>quast</span> <span class='ocrx_word' id='word_1_280' title='bbox 1808 4235 1831 4319; x_wconf 81' lang='grc' dir='ltr'>ὲ</span> <span class='ocrx_word' id='word_1_281' title='bbox 1859 4231 1944 4322; x_wconf 93' lang='lat' dir='ltr'>solo</span> <span class='ocrx_word' id='word_1_282' title='bbox 1972 4232 2026 4318; x_wconf 84' lang='lat' dir='ltr'>as·</span> 
     </span>
     <span class='ocr_line' id='line_1_35' title="bbox 696 4323 1850 4463; baseline 0.015 -51"><span class='ocrx_word' id='word_1_283' title='bbox 696 4323 887 4445; x_wconf 87' lang='lat' dir='ltr'>surgens,</span> <span class='ocrx_word' id='word_1_284' title='bbox 926 4339 966 4416; x_wconf 70' lang='grc' dir='ltr'>ὅ(</span> <span class='ocrx_word' id='word_1_285' title='bbox 995 4339 1235 4442; x_wconf 88' lang='lat' dir='ltr'>Horizonti,</span> <span class='ocrx_word' id='word_1_286' title='bbox 1272 4343 1384 4428; x_wconf 88' lang='lat' dir='ltr'>instar</span> <span class='ocrx_word' id='word_1_287' title='bbox 1405 4365 1580 4458; x_wconf 79' lang='lat' dir='ltr'>aurorae,</span> <span class='ocrx_word' id='word_1_288' title='bbox 1612 4347 1850 4463; x_wconf 86' lang='lat' dir='ltr'>contiguum.</span> 
     </span>
    </p>
   </div>
   <div class='ocr_carea' id='block_1_6' title="bbox 1950 4489 2023 4572">
    <p class='ocr_par' dir='ltr' id='par_1_6' title="bbox 1950 4489 2023 4572">
     <span class='ocr_line' id='line_1_36' title="bbox 1950 4489 2023 4572; baseline 0.014 -2"><span class='ocrx_word' id='word_1_289' title='bbox 1950 4489 2023 4572; x_wconf 87' lang='lat' dir='ltr'>Per</span> 
     </span>
    </p>
   </div>
   <div class='ocr_carea' id='block_1_7' title="bbox 0 0 2167 5684">
    <p class='ocr_par' dir='ltr' id='par_1_7' title="bbox 0 0 2167 5684">
     <span class='ocr_line' id='line_1_37' title="bbox 0 0 2167 5684; baseline 0 0"><span class='ocrx_word' id='word_1_290' title='bbox 0 0 2167 5684; x_wconf 95' lang='lat' dir='ltr'> </span> 
     </span>
    </p>
   </div>
  </div>
 </body>
</html>
