4420 5692
261 535 328 616 ,u
360 501 749 608 caouarnrca
786 479 1120 604 nonnarum
1153 530 1257 608 ιη.
1293 529 1366 608 JV.
1425 547 1497 626 497

188 668 361 755 nimamr
393 661 502 749 utin
542 666 688 752 casibus
731 667 913 753 fimilibus
947 669 1030 754 fieri
1054 665 1177 760 solet.

244 779 522 878 Duodecirno,
559 776 793 866 subnedl‘ltur
812 784 944 867 ‘etiam
969 785 1119 868 Tabula
1153 781 1359 868 ostendens
1384 783 1500 864 Lnnae

189 896 342 977 Locum
380 893 430 976 ad
476 893 703 1008 Eclipticam
751 896 950 981 reductum
989 927 1068 1009 pro
1108 897 1260 1011 singulis
1318 895 1502 1006 gradibus

190 1008 384 1090 Distantiae
408 1011 526 1092 Lunae
557 1009 743 1093 aNodo.
804 1015 926 1116 Hujus
953 1014 1183 1097 constructio
1204 1015 1320 1096 ctiam
1339 1008 1503 1120 alSphae·
1596 1032 1600 1038 ’

191 1121 277 1204 ricis
312 1120 470 1232 pendet.
530 1126 576 1204 ln
607 1125 751 1210 eodem
791 1127 894 1208 enim
933 1125 1156 1238 triangulO,
1199 1127 1239 1209 in
1281 1153 1363 1236 quo
1398 1123 1503 1233 prius

190 1233 375 1318 Latitudo
409 1236 576 1320 inuenta
606 1239 688 1334 est,
727 1237 828 1322 latus
870 1241 1047 1338 tertium,
1088 1238 1166 1322 sive
1196 1238 1372 1322 distantia
1402 1237 1504 1318 inter
1571 1231 1575 1240 ’

192 1346 358 1432 Nodum
385 1353 648 1460 punctumque
680 1349 747 1434 ubi
787 1353 1022 1437 latitudinis
1052 1353 1216 1437 circulus
1251 1379 1319 1462 pet
1352 1353 1503 1435 Locum

192 1465 310 1550 Lunae
343 1461 525 1546 transens
558 1465 786 1576 Eclipticam
819 1463 1051 1564 intersecat,
1084 1469 1138 1550 est
1172 1461 1250 1576 ipsa
1280 1469 1395 1549 Luna
1412 1459 1505 1546 Dis·

194 1577 317 1660 tantia
354 1575 377 1658 a
412 1577 540 1660 Nodo
573 1577 624 1660 ad
664 1579 893 1688 Eelipticam
935 1581 1124 1666 reducta:
1172 1583 1222 1662 Et
1258 1577 1506 1663 intervallum

194 1691 295 1774 inter
336 1687 446 1772 hanc.
475 1695 515 1774 δε
555 1692 669 1776 luna
714 1694 944 1776 Distantiam
977 1690 1000 1776 al
1036 1693 1171 1777 Nodo
1201 1693 1240 1777 in
1267 1687 1330 1776 sua
1363 1690 1506 1774 Orbita

195 1828 462 1914 computatam
500 1801 680 1885 Redullio
717 1807 887 1906 dieitur,
927 1808 1038 1890 &in
1076 1807 1267 1892 Tabulam
1298 1801 1507 1890 secundum

193 1941 318 2002 artem
356 1912 580 2028 disponitur.
642 1921 827 2032 Cumque
857 1921 938 2004 haec
975 1923 1091 2005 etiam
1122 1921 1228 2003 vatia
1261 1917 1304 2003 stt
1338 1947 1411 2031 pro
1440 1943 1508 1999 va-

196 2033 251 2115 tia
285 2030 546 2116 Inclinatione
593 2035 753 2118 lunaris
806 2033 925 2117 Orbis
966 2034 1017 2117 ad
1065 2035 1290 2146 Eclipticam
1307 2091 1320 2130 ‚
1358 2031 1508 2132 (simili
1550 2129 1551 2132 q

195 2141 361 2229 artificio
391 2172 474 2255 quo
512 2148 685 2256 prius,)
720 2143 888 2231 excelsus
918 2149 1103 2261 pradiblae
1137 2146 1390 2232 ueduutonis
1420 2173 1510 2228 eum

195 2258 380 2344 Limitum
407 2259 615 2345 Inclinatio
645 2264 698 2345 est
730 2265 896 2346 maxima
929 2286 1112 2362 notatur,
1143 2286 1187 2347 ut
1206 2265 1286 2368 ejus
1316 2286 1402 2372 pars
1420 2287 1511 2371 pro·

197 2370 430 2486 portionalis
472 2370 676 2459 alsumatur
719 2403 807 2459 cum
849 2377 1029 2460 limitum
1073 2377 1281 2460 Inclinatio
1325 2374 1378 2456 est
1409 2374 1510 2456 inter
1619 2422 1624 2430 ·

197 2485 399 2569 minimam
430 2486 715 2600 maximamque
740 2487 895 2584 mediat
929 2492 1035 2572 Nam
1061 2484 1140 2600 ipsa
1178 2487 1367 2571 Redudio
1405 2509 1512 2597 apta·

170 2623 263 2684 tur
289 2597 338 2680 ad
364 2599 665 2684 Inclinationem
695 2603 917 2698 minimam,
952 2627 996 2688 ut
1029 2603 1133 2714 prius
1167 2601 1367 2686 latitudo.
1478 2613 1481 2621 '

256 2712 334 2796 Sed
373 2713 524 2796 &aliis
558 2716 764 2818 Erroribus
790 2715 980 2814 maedis,
1025 2716 1109 2799 aliae
1145 2713 1361 2796 tondendae
1398 2733 1511 2814 erunt

201 2827 361 2942 Tabulae
385 2823 435 2909 ad
461 2829 577 2909 Lunae
609 2830 767 2914 Motum
795 2829 912 2940 plene
941 2832 982 2910 δι
1007 2825 1175 2941 perfecte
1201 2825 1510 2922 redificandum,

204 2940 317 3054 quod
350 2944 390 3023 in
429 2936 679 3029 Astronomia
710 2969 810 3053 opus
842 2941 894 3026 est
921 2941 1040 3053 longe
1077 2937 1356 3024 difficillimum.
1416 2943 1511 3024 Hac

202 3057 358 3256 {pterim
386 3051 719 3164 impraesentiarum
747 3055 798 3141 de
829 3053 1066 3143 Tabulanun
1089 3054 1224 3139 harum
1253 3053 1403 3140 Ordine
1439 3047 1513 3139 sus-

233 3195 350 3256 Classtu‘
406 3213 409 3218 ’
548 3247 553 3254 .
1063 3208 1075 3224 “

430 3283 976 3452 prorosrrto
1036 3351 1302 3451 urvtr.

208 3551 438 3636 Tabularum
462 3551 705 3640 Lennium,
749 3555 803 3634 ad
825 3551 939 3662 Luna
971 3551 1159 3637 Locum>
1197 3555 1283 3638 dato
1318 3557 1361 3632 in
1391 3547 1513 3630 Tadu}

265 3675 313 3752 ris
329 3671 521 3778 superficie
558 3672 694 3779 pundo
726 3667 848 3776 vt‘sttm
884 3669 1049 3780 expedite
1088 3665 1382 3748 inveniendum,
1436 3659 1513 3743 Ota

267 3784 390 3864 dinem
421 3805 607 3894 exponere.

332 3974 510 4057 Uoniam
541 3975 655 4055 Ltmae
693 3974 821 4054 locus
853 3969 876 4055 ὲ
904 3977 1048 4082 pundo
1084 3971 1121 4051 in
1154 3973 1281 4054 Torta
1318 3963 1516 4080 superficie

335 4083 519 4198 spedatus
552 4083 773 4168 sensibiliter
814 4080 984 4170 diversus
1020 4084 1074 4166 est
1112 4081 1162 4164 ab
1195 4083 1266 4166 illo
1301 4108 1419 4194 quern
1450 4105 1517 4164 oc·

214 4225 373 4309 cuparet
405 4199 433 4282 st
460 4201 482 4282 ὲ
507 4223 642 4282 centro
680 4195 934 4308 spaciaretur,
970 4223 1169 4309 quemque
1200 4191 1324 4279 solum
1360 4225 1408 4278 ex
1444 4198 1518 4276 Tas

214 4313 318 4398 bulis
346 4311 650 4424 precedentibus
679 4311 872 4394 deducere
907 4312 1031 4398 licett
1063 4311 1155 4392 ideo
1189 4309 1357 4392 Tabulas
1388 4305 1439 4390 ad
1477 4307 1519 4388 ll·

215 4429 297 4512 lum
321 4455 483 4537 quoque
514 4457 560 4509 ex
592 4425 708 4535 priori
743 4449 923 4537 prompte
958 4423 1220 4534 colligendum
1252 4421 1428 4506 condunt
1447 4420 1520 4502 Ar·

217 4539 350 4628 tifices.
410 4541 515 4626 Cum
547 4567 677 4626 autem
709 4539 913 4629 Parallaxis
940 4536 984 4735 sp
1017 4538 1144 4622 omnis
1178 4538 1243 4624 illa
1283 4537 1384 4622 inter
1413 4533 1521 4733 Jdida
1561 4635 1563 4638 Ι

688 4683 692 4688 ·
997 4673 1019 4754 3
1447 4669 1521 4732 oca
