4420 5692
295 557 343 625 e·
371 545 763 622 oxonrxmrrcae
798 541 1128 618 rucuma.
1158 545 1265 618 ιη,
1298 541 1371 616 rx.
1427 564 1498 638 471

175 669 310 760 crescit
338 671 472 760 iisdem
506 677 686 786 gradium
721 677 863 791 quibus
894 700 1011 764 antea
1044 706 1249 774 creverat,
1289 671 1496 788 Nodisque
1548 785 1552 788 ,

175 787 617 1013 ῗέὥξγῑὲἰαὲοάὅτῖυο
652 789 845 892 reversis,
890 790 942 878 ed
984 792 1295 905 magnitudinem
1332 789 1502 944 primam·

352 1217 356 1224 ι
441 1092 990 1181 PROPOSITiO
1048 1095 1208 1177 xvl.

177 1273 321 1361 Omnes
335 1275 454 1388 fiepra
482 1278 659 1390 descripta
686 1283 960 1394 [aequalitates
991 1313 1065 1394 que
1100 1287 1144 1362 in
1174 1266 1361 1361 Satellius
1387 1301 1487 1364 mom

181 1435 186 1444 ·
235 1398 470 1502 contingunt,
500 1417 579 1474 um
606 1424 679 1505 qua
703 1422 843 1478 motum
867 1409 942 1504 ejus
966 1404 1009 1478 in
1038 1401 1180 1504 longum
1209 1423 1320 1504 quam
1349 1423 1422 1502 quae
1443 1399 1487 1472 in

233 1509 354 1587 latum
390 1499 574 1612 efficium,
609 1530 690 1587 tam
719 1539 793 1619 quae
830 1507 972 1592 Orbita
1007 1503 1239 1590 Cttncentricae
1264 1532 1375 1614 quam
1410 1533 1484 1615 qua

181 1665 185 1670 ·
233 1617 457 1700 Excentricae
485 1645 714 1730 competunt,
751 1629 863 1734 paulo
890 1635 1042 1732 majores
1061 1617 1152 1728 fient
1179 1625 1222 1700 in
1259 1615 1482 1726 Conjuncho·

119 1811 123 1820 .
233 1761 280 1814 ne
309 1727 495 1812 Satellius
527 1762 609 1815 cum
636 1732 719 1816 Sole
740 1766 852 1849 quam
883 1744 926 1818 in
950 1733 1193 1848 Opptfitione.

177 1891 180 1898 ’
300 1919 480 2016 Uoniam
510 1924 529 2033 (
555 1951 625 2036 per
652 1925 762 2036 Prop.
787 1901 892 2010 xxvi
923 1923 986 2006 El.
1013 1955 1053 2008 v.
1078 1927 1096 2035 )
1125 1924 1167 2007 in
1200 1945 1371 2036 quatuor
1395 1951 1474 2009 ma·
1497 1953 1560 2048 nr.
1578 1961 1673 2014 rxrr.

297 2036 564 2145 gnitudinibus
591 2042 826 2149 geometrice
845 2038 1202 2152 proportionalibus
1236 2034 1378 2121 summa
1402 2067 1480 2123 ma·
1527 2041 1623 2110 ng.1.

169 2151 283 2234 x'tmae
320 2153 360 2228 &
393 2150 559 2232 minime
597 2152 752 2234 excedit
787 2149 970 2236 summam
1017 2155 1251 2265 reliquarum
1293 2151 1486 2240 duarumr

44 2343 52 2366 x
171 2257 388 2350 auterendo
411 2264 592 2374 utrinque
610 2257 795 2350 summam
823 2265 986 2349 duarum
1005 2269 1222 2361 minorum,
1241 2263 1489 2349 intervallum

175 2373 353 2460 muirnae
376 2377 417 2454 δι
447 2376 611 2458 mimmae
641 2382 824 2490 proxime
848 2377 1013 2464 excedet
1041 2379 1289 2462 intervallum
1314 2379 1488 2460 maxime

177 2486 367 2596 proxim'ae
401 2489 442 2567 uc
475 2489 651 2572 minime.
719 2495 904 2604 Cumque
951 2492 971 2600 (
1009 2519 1077 2604 pet·
1125 2491 1328 2572 construo.
1370 2495 1486 2600 Prop.

178 2603 314 2708 xtv.)
347 2600 522 2682 Satellire
548 2605 587 2682 in
616 2604 908 2708 Coniunctione
941 2632 1029 2688 curn
1067 2605 1161 2687 Sole
1194 2601 1244 2684 ad
1271 2625 1298 2682 o
1333 2597 1487 2684 versan-

178 2711 813 2810 te,sns1tadsn,nocest
856 2717 960 2824 (ob
997 2716 1229 2825 parvitatem
1254 2711 1366 2823 ipsius
1402 2740 1430 2795 Ν
1456 2741 1482 2795 r
1550 2750 1553 2754 ·

175 2817 347 2936 respectu
372 2825 539 2930 su)ad
573 2853 638 2910 st
670 2827 709 2910 in
735 2828 930 2940 duplicata
946 2830 1097 2912 tutione
1120 2853 1177 2910 st
1201 2825 1288 2910 ads
1317 2831 1486 2913 osrede

177 2967 215 3022 u
236 2965 262 3018 τ
292 2937 446 3020 excedit
474 2937 631 3051 duplam
665 2969 693 3024 τ
720 2971 773 3025 o:
812 2946 919 3024 Nam
952 2942 1124 3024 maxime
1161 2939 1337 3050 proxima
1370 2967 1482 3023 exce-

177 3049 241 3137 dit
266 3077 343 3144 su.
402 3051 587 3162 Cumque
622 3046 770 3154 rursus,
800 3057 975 3139 Satellite
998 3057 1037 3136 in
1070 3051 1329 3166 Opposrtione
1362 3075 1406 3136 ut
1434 3051 1487 3136 ad

179 3163 439 3258 aexistente,
472 3191 544 3245 tm
581 3165 625 3248 srt
656 3167 706 3248 ad
736 3195 805 3254 st
843 3169 884 3250 in
923 3167 1119 3280 duplicata
1154 3165 1305 3248 ratione
1336 3191 1403 3246 ετ
1434 3163 1486 3246 ad

104 3309 108 3314 ·
180 3303 271 3364 sot
299 3281 401 3360 redit
424 3305 451 3356 r
466 3303 504 3353 m
537 3276 734 3388 (propter
755 3280 920 3366 eandem
953 3283 1143 3365 rationem
1169 3279 1187 3388 )
1221 3275 1352 3360 deficit
1375 3274 1487 3360 idu-

95 3429 99 3436 ·
132 3443 136 3450 ·
180 3392 248 3505 pla
275 3417 301 3472 τ
324 3415 373 3469 x:
409 3386 582 3499 ideoque
616 3415 642 3469 τ
662 3419 694 3472 Ν
730 3389 929 3476 ifortiori
962 3393 1117 3478 excedit
1155 3418 1261 3487 rm,
1296 3389 1374 3472 hoc
1404 3387 1485 3486 est,

182 3529 214 3591 Ν
235 3529 268 3586 Ν
304 3499 459 3584 excedit
495 3529 521 3582 Ν
542 3531 591 3580 m.
620 3563 622 3568 ,
651 3503 725 3586 ΑΝ·
743 3527 772 3587 Ν
793 3535 853 3602 Ν,
884 3532 913 3588 Ν
931 3537 968 3586 m
993 3500 1259 3616 repraesentant
1283 3503 1397 3586 Vires
1420 3502 1487 3584 Sa-

184 3619 349 3702 teliitem
378 3616 418 3695 in
451 3614 741 3718 conjunctione
778 3620 817 3697 δι
866 3619 1126 3728 oppositione
1166 3614 1372 3726 respective
1401 3640 1487 3724 per-

180 3731 413 3820 turbantest
454 3729 583 3832 Major
619 3729 763 3841 imque·
790 3730 842 3812 est
878 3730 950 3812 Vis
983 3728 1208 3841 perturbem
1241 3727 1281 3806 in
1313 3726 1491 3828 Conjun·

184 3844 315 3930 dione
346 3865 465 3953 quam
496 3845 534 3924 in
581 3841 877 3954 Oppoiitionet
927 3847 967 3924 δι
1003 3839 1169 3955 proinde
1211 3839 1374 3942 maiores
1401 3832 1488 3921 sunt
1631 3855 1635 3862 ·

186 3958 292 4044 illius
316 3982 433 4066 quum
458 3957 568 4058 hujus
584 3953 753 4040 effeetus.
812 3955 996 4066 Cumque
1016 3977 1151 4066 preter
1175 3953 1286 4036 Vires
1303 3975 1371 4062 per
1390 3975 1417 4033 Ν
1436 3973 1492 4046 Ν,

188 4095 220 4154 Ν
241 4097 277 4148 m
310 4064 591 4181 repraesentatas
617 4067 634 4176 (
661 4097 746 4180 quae
774 4062 863 4150 solae
898 4065 982 4150 iunt
1018 4095 1103 4179 quae
1135 4063 1316 4148 Smellitis
1347 4063 1388 4144 in
1414 4056 1494 4174 ipse

185 4183 477 4285 Conjunctione
519 4189 560 4266 ec
604 4181 866 4295 Opposrtione
896 4179 1010 4293 posrti
1045 4203 1175 4263 motus
1212 4177 1441 4287 perturbant
1474 4174 1493 4283 )

186 4299 312 4384 altera
330 4299 400 4380 Vis
428 4325 471 4380 ut
498 4322 572 4377 xx
603 4303 723 4408 (quae
752 4319 878 4408 prope
897 4293 1081 4406 Syzygias
1107 4290 1320 4375 Sateliitem
1348 4314 1496 4401 pertru-

189 4409 296 4517 bat)
327 4413 447 4512 major
474 4409 518 4494 stt
546 4411 586 4492 in
615 4409 905 4514 Coniundione
931 4433 1048 4520 quam
1080 4402 1365 4516 oppositione,
1388 4429 1495 4485 nem·

183 4549 236 4637 pe
263 4525 344 4612 illic
370 4527 491 4631 major
519 4551 637 4635 qoam
667 4523 797 4612 radius
824 4545 947 4723 'Ui‘
976 4521 1040 4604 hic
1068 4521 1235 4609 minore
1272 4541 1382 4632 patet
1412 4541 1496 4599 orn,

975 4651 1002 4725 2
1429 4649 1499 4716 nes
1570 4647 1579 4664 '
