4322 5686
643 595 655 614 ⁸
712 634 782 730 σῃ
859 563 861 571 ’
922 601 1467 709 terrenorum
1515 617 1858 708 »urerent

927 835 1482 926 puorosrrro
1557 782 1850 922 uxum:

470 1037 477 1070 '
701 1029 906 1113 eunom
938 1027 1183 1111 determinare
1201 1025 1301 1141 quod
1320 1022 1490 1132 primi,
1542 1023 1681 1106 ecundd
1713 1023 1760 1118 ἀ
1786 1025 1902 1110 tertia*
1940 1036 2032 1112 vice

771 1169 855 1367 pp}
880 1137 1026 1226 Omen
1055 1144 1210 1256 vestigio
1245 1147 1288 1226 in
1312 1142 1427 1254 plano
1456 1137 1646 1253 Eclipticae
1676 1143 1845 1250 assumere
1875 1172 2029 1228 commo·

804 1286 956 1339 timum
989 1280 1084 1346 eret.
1439 1275 1442 1285 ‘
1898 1299 1900 1302 ·

723 1450 985 1650 PRobieme
1007 1447 1229 1564 precedens
1261 1442 1524 1536 universaliter
1547 1449 1803 1534 constructum
1828 1449 1908 1532 est:
1950 1449 2032 1532 Ve-

816 1593 901 1650 rum
931 1565 972 1648 in
1003 1568 1110 1677 praxi
1140 1593 1222 1648 non
1248 1565 1434 1679 quaeiibet
1467 1567 1685 1677 pontiae,
1714 1582 1782 1652 2c
1815 1589 1888 1676 pto
1916 1563 2032 1644 vesti-

726 1683 795 1798 gio
822 1681 1002 1764 Cometae
1029 1679 1068 1760 in
1094 1674 1380 1764 Observatione
1405 1672 1572 1763 secunda
1603 1676 1814 1762 commode
1841 1671 2033 1760 affumun.

590 1885 591 1890 t
728 1823 820 1894 tur,
849 1787 915 1877 sed
936 1793 1037 1876 vetis
1061 1794 1239 1905 proxima
1264 1791 1472 1908 eligenda,
1510 1791 1538 1875 fi
1568 1791 1635 1875 illa
1660 1813 1955 1904 praeterproptcr
1976 1791 2034 1871 in·

595 3033 663 3112 Μ,
676 3039 732 3094 XL·

617 3115 672 3190 fig.
683 3129 709 3174 1.

729 1902 948 1998 ternoscere
989 1910 1134 2018 quovis
1175 1908 1299 1994 rnodo
1331 1903 1549 1992 concessum
1586 1903 1717 1990 fuerit.
1765 1909 1857 1989 Hoc
1899 1913 2038 1990 autent

730 2052 812 2140 ope
841 2026 955 2132 Prop.
973 2046 1062 2106 x11.
1090 2021 1159 2108 fiet
1201 2049 1271 2134 per
1305 2046 1475 2136 quatuor
1509 2022 1689 2106 Cometae
1715 2015 2034 2103 Observationes.

731 2141 861 2228 Dueia
882 2137 1027 2221 etenim
1048 2140 1179 2235 reeta,
1205 2139 1310 2242 cujus
1343 2163 1470 2249 partes
1490 2159 1568 2219 tres
1590 2137 1690 2218 inter
1714 2157 1883 2247 quatuor
1912 2136 2034 2216 retias

732 2252 928 2369 posrtione
968 2249 1077 2334 datas
1109 2251 1331 2364 interceptae
1370 2278 1457 2335 earn
1489 2247 1659 2334 habeant
1691 2250 1879 2332 rationem
1914 2273 2036 2360 quam

733 2365 922 2478 temporis
969 2365 1174 2452 intervalla
1202 2365 1275 2449 tria
1311 2368 1412 2450 inter
1435 2388 1605 2478 quatuor
1640 2358 1946 2448 Observationes
1975 2363 2034 2443 in·

733 2485 922 2587 terjetta,
960 2505 1041 2563 non
1070 2479 1233 2562 multum
1265 2475 1416 2564 diversa
1441 2481 1514 2563 erit
1544 2477 1829 2582 rTnjeetoriae
1863 2475 2034 2559 Parabo-

734 2595 817 2682 iicae
837 2593 1022 2705 portione
1048 2587 1070 2676 ei
1099 2595 1272 2680 Cometa
1310 2617 1394 2677 tum
1430 2585 1616 2706 percursa.
1678 2589 1876 2702 Adeoque
1921 2591 2037 2696 hujus

732 2707 949 2796 interseoiio
992 2735 1080 2792 cum
1118 2711 1256 2792 recia,
1306 2708 1611 2820 Longitudinem
1654 2705 1693 2789 in
1745 2699 2035 2788 observatione

732 2819 899 2909 secunda
934 2819 1156 2918 referente,
1191 2821 1374 2934 aptissime
1397 2847 1470 2936 pro
1498 2819 1662 2933 uestigio
1687 2821 1928 2908 Cometaein
1965 2819 2036 2904 isse

732 2933 1018 3023 Observatione
1038 2929 1204 3020 secunde
1231 2931 1448 3020 affumetur.

789 3049 913 3154 Quod
931 3047 957 3132 fi
973 3051 1134 3160 angulus
1149 3047 1366 3135 innotescat
1382 3074 1704 3166 praeterpropter,
1735 3079 1853 3166 quent
1880 3047 2032 3162 vestigi-

733 3193 800 3252 um
825 3161 974 3246 Orbitae
1000 3167 1179 3249 Cometae
1205 3165 1383 3249 continet
1413 3195 1500 3251 cum
1526 3171 1628 3250 reeta
1653 3173 1809 3254 Terram
1829 3171 1868 3248 δι
1888 3167 2032 3250 Corne·

735 3305 816 3366 tam
840 3277 881 3360 in
900 3271 1196 3378 ‚Observatione
1213 3273 1377 3363 secunda
1398 3283 1691 3392 conjungente,
1721 3279 1798 3366 srve
1812 3281 1899 3364 huic
1927 3279 2034 3390 (per

736 3393 848 3504 Prop.
875 3416 1008 3475 xv11.
1036 3386 1128 3473 Lib.
1150 3417 1177 3475 1.
1203 3386 1365 3505 (init.)
1389 3395 1544 3507 aequalis
1562 3421 1586 3477 n
1604 3409 1661 3475 et
1687 3453 1698 3493 ‚
1736 3423 1854 3506 quem
1882 3393 2030 3477 chorda
2150 3497 2151 3504 Ν

735 3533 805 3600 nu
835 3506 1012 3590 continet
1043 3533 1130 3589 cum
1154 3529 1214 3590 tc
1241 3512 1368 3607 reeta,
1397 3510 1508 3620 quod
1537 3509 1604 3593 fiet
1632 3510 1698 3593 vel
1724 3536 1802 3622 ope
1823 3511 1938 3620 Ptop.
1962 3533 2026 3591 ux.
2150 3509 2151 3516 ‘

653 3689 657 3698 ,
737 3623 804 3707 vel
832 3619 1045 3705 accuratius
1077 3648 1146 3731 per
1178 3621 1313 3706 schol.
1347 3625 1465 3736 Prop.
1499 3649 1606 3707 xm
1630 3653 1657 3712 r·
1684 3647 1767 3707 tum
1801 3629 2030 3737 punciume

717 3736 867 3852 'primo
906 3727 1168 3843 affumendupt
1204 3737 1282 3820 hoc
1312 3737 1436 3823 modo
1476 3737 1795 3823 determinabitur
1834 3767 1847 3816 ε
1904 3739 2031 3822 Duce·

629 3862 632 3868 ’
738 3875 801 3937 tur
856 3851 957 3932 reeta
1005 3848 1185 3933 rnc‘ad
1231 3855 1350 3935 redies
1405 3851 1598 3965 pofitione
1638 3852 1748 3936 datas
1790 3881 1817 3935 τ
1842 3879 1906 3950 n,
1962 3877 2027 3932 τι

738 3967 922 4076 utrinque
970 3965 1172 4048 terminata
1210 4023 1224 4062 ,
1284 3970 1424 4050 retiam
1473 3989 1531 4049 rc
1576 3967 1692 4051 etiam
1733 3965 1927 4080 pofitione
1966 3968 2027 4050 dt·

738 4081 889 4163 tamin
930 4081 1074 4190 angulo
1110 4079 1253 4192 aequali,
1280 4079 1375 4163 dato
1399 4077 1451 4164 ad
1486 4077 1767 4165 tinterseeans
1802 4135 1814 4164 ‚
1868 4109 1953 4192 quae
1985 4077 2025 4162 fit

736 4190 848 4291 adt!
861 4210 884 4282 2
914 4226 934 4270 x
962 4189 2026 4306 1rchordam(hoccst,proximead}rt)insub-

735 4301 933 4414 duplicata
960 4307 1112 4390 ratione
1148 4331 1197 4389 st
1220 4309 1383 4398 adsue
1420 4314 1738 4421 &agaturpers
1767 4316 1954 4394 retruso
1975 4334 2020 4404 c,

735 4419 843 4523 cujus
864 4445 951 4529 pars
986 4415 1095 4504 ocri
1126 4423 1298 4508 cruribus
1324 4423 1457 4534 anguli
1490 4421 1593 4507 nic
1626 4425 1823 4530 interjesta
1854 4447 2021 4535 aequetur

733 4535 844 4616 redire
880 4555 950 4616 tu
987 4590 1001 4629 ,
1055 4533 1165 4647 quod
1212 4539 1266 4622 est
1315 4539 1505 4620 Veterum
1554 4538 1761 4622 Problema
1813 4529 2019 4621 universale

730 4644 783 4732 de
834 4645 1189 4753 Inclinatiom'bus,
1247 4651 1529 4764 conficiturque
1576 4681 1647 4768 per
1695 4679 1831 4740 cortun
1869 4650 2020 4738 Metho-

1916 4762 2017 4860 dun,
