4336 5692
262 683 308 759 o
336 671 738 756 oronrrarcae
773 641 1244 786 sannam-rama.
1279 673 1319 759 ν.
1397 691 1474 776 657

165 825 216 912 ‘u'
250 833 268 918 ς
312 817 387 894 sac.
417 809 498 918 (ut
526 811 772 896 Allronomis
806 806 967 899 solenne
994 814 1087 926 est)
1132 803 1357 906 differentiae
1397 823 1688 935 pri-„mm

166 951 267 1022 ma,
303 922 369 1035 ipfi
401 919 449 1006 sc.
483 951 593 1010 arcus
629 944 704 1023 12,
740 941 826 1029 23,
862 951 939 1029 34,
974 933 1061 1036 45,
1103 934 1180 1016 dcc.
1215 961 1313 1048 quas
1352 961 1472 1018 voca·
1535 947 1630 1022 fiae·
1776 933 1822 952 '¹'

166 1036 455 1137 1111111131,11,
489 1065 545 1138 e,
581 1063 633 1136 1),
673 1064 718 1136 ε,
754 1068 814 1120 rr
848 1042 1057 1126 Sumantur
1084 1039 1205 1128 rursus
1245 1075 1381 1133 eorum
1401 1047 1479 1131 dif‹

163 1149 332 1234 serentiae
368 1145 542 1234 secundae
582 1151 663 1236 five·
697 1149 1001 1239 differentiarum
1035 1157 1247 1264 primarum
1292 1157 1473 1246 differen-

162 1262 225 1346 tiae
259 1289 316 1361 o,
347 1292 399 1361 n,
432 1293 485 1364 rc,
526 1293 551 1348 u
567 1321 581 1365 ,
619 1292 682 1356 us
717 1289 800 1350 tum
836 1268 970 1352 harum
1004 1267 1308 1364 differentiarum
1340 1269 1472 1360 secun·

160 1377 298 1460 darunt
329 1376 553 1463 differentiae
584 1379 662 1462 five
686 1404 843 1464 arcuum
881 1403 953 1484 ‘tel
968 1439 981 1481 ,
1006 1401 1107 1485 W,
1136 1391 1319 1487 (113811.
1360 1388 1475 1472 disse·¹

162 1492 297 1574 rentiae
331 1493 448 1578 tertiae
474 1518 521 1591 e,
540 1520 600 1589 Q,
624 1517 674 1588 n,
692 1509 738 1582 s's
763 1499 804 1576 δε
829 1496 882 1578 ira
914 1495 1080 1592 denuo,
1120 1495 1252 1582 donec
1285 1501 1336 1584 ad
1365 1499 1474 1586 dille«

161 1606 304 1714 reqtias
330 1609 575 1718 perveniatur
599 1605 723 1687 nihilo
739 1609 925 1720 aequales,
951 1636 1094 1718 nempe
1125 1609 1349 1720 immediate
1380 1639 1472 1724 prae-

155 1716 385 1801 cedentium
414 1719 618 1832 aequalium
649 1715 951 1805 differentiarum
997 1722 1248 1809 differentias.
1299 1733 1471 1838 Tempo-

159 1858 247 1915 rum
274 1832 476 1944 aequalium
505 1834 544 1914 in
565 1835 831 1943 percurrendis
853 1835 1016 1919 arcubus
1040 1865 1067 1919 Α
1084 1885 1099 1931 -,
1121 1865 1208 1934 n,c
1232 1843 1308 1922 dcc.
1329 1836 1470 1928 insum·

159 1969 321 2060 prorum
351 1947 659 2058 unumquodque
686 1943 766 2055 (sc.-
782 1949 847 2058 r)
878 1941 1046 2031 divisum
1068 1951 1361 2062 intelligatutin
1382 1980 1472 2066 par.

158 2082 223 2144 tes
256 2061 422 2172 aquales
453 2061 658 2174 quotvis,
699 2060 718 2170 (
752 2087 835 2172 quo
855 2060 983 2172 plures
1009 2089 1060 2146 eo
1092 2065 1306 2150 accuratius
1334 2070 1472 2154 omnia·

159 2174 261 2259 fient
278 2175 327 2284 ,)
352 2199 473 2286 atque
504 2185 623 2259 arcus
643 2174 827 2285 quolibet
860 2179 1055 2289 Tempore
1091 2173 1163 2260 ri
1187 2179 1359 2265 Cometa
1380 2208 1467 2291 per·

158 2281 291 2370 cursus
309 2283 551 2399 dispertiatur
574 2287 613 2370 in
644 2311 707 2372 tot
730 2287 916 2400 partesin
945 2316 1048 2400 quot
1071 2317 1099 2374 τ
1128 2289 1343 2392 dividitur,
1367 2286 1470 2380 tales¹

159 2423 205 2487 ut
232 2401 366 2484 barum
400 2405 564 2515 partium
596 2400 646 2485 ab
679 2423 727 2504 ‘u’
749 2427 1059 2516 computatamm
1079 2401 1218 2491 fimiles
1238 2405 1471 2492 differentiae

157 2514 236 2601 smt
260 2515 385 2598 nihilo
416 2514 582 2628 aquales
607 2536 727 2626 atque
757 2513 916 2628 ipsarum
943 2537 1030 2619 ner
1046 2536 1201 2618 ,‚²v>2‚
1227 2540 1276 2620 ‘w
1294 2543 1343 2621 3,
1371 2517 1469 2622 ‘'v’4'

159 2633 228 2712 &c
259 2657 272 2718 t
305 2633 346 2710 uc
376 2628 519 2712 eodem
547 2627 688 2712 ordine
713 2628 1008 2741 progrediantur
1033 2626 1163 2714 versus
1200 2627 1351 2716 easdem
1379 2659 1465 2745 pat·

161 2765 224 2826 tes
248 2745 363 2827 auda
387 2743 453 2826 vel
469 2743 653 2838 minutae,
684 2765 816 2854 utque
832 2745 967 2826 harum
990 2769 1065 2826 una
1094 2742 1134 2824 in
1159 2744 1291 2827 medio
1309 2745 1387 2829 fita·
1402 2771 1464 2833 to·

159 2855 236 2940 ries
261 2853 509 2941 contineatur
530 2857 569 2942 in
594 2856 747 2966 integro
766 2881 892 2953 arcu,
928 2858 1085 2988 quoties
1102 2861 1272 2969 Tempus
1305 2857 1366 2942 cui
1396 2859 1464 2946 bic
1569 2879 1574 2890 ’

158 2969 357 3082 contingit
386 2972 428 3052 in
455 2969 610 3081 integro
638 2996 817 3080 ternpore
850 2994 1072 3054 contanctur
1105 3026 1119 3068 ,
1162 2971 1274 3083 quod
1297 2975 1337 3057 in
1367 2973 1469 3058 Cal·
1621 2980 1624 2991 '

157 3083 256 3170 culo
279 3083 555 3170 Asltonomico
576 3077 742 3167 versanti
782 3081 965 3194 perfacile
998 3086 1098 3167 erit:
1152 3112 1211 3166 ex.
1223 3113 1284 3194 gr.
1305 3083 1332 3170 fi
1350 3087 1460 3174 daeo

77 3207 81 3214 '
158 3223 249 3280 rum
271 3221 427 3281 arcuum
455 3216 968 3298 &buzam-,m
992 3201 1069 3281 &c.
1117 3196 1356 3284 differentia
1387 3223 1465 3285 ter-

157 3311 224 3395 tiae
257 3306 498 3423 deprehensae
530 3306 673 3394 suerint
691 3309 816 3393 nihilo
841 3311 1007 3423 aequales
1021 3324 1044 3408 ,’
1060 3333 1141 3393 turn
1169 3311 1220 3393 ab
1250 3333 1297 3414 ‘v'
1326 3313 1377 3396 ad
1405 3315 1464 3395 di-

157 3423 332 3508 visiones
363 3420 530 3537 ipsorum
567 3448 619 3522 n,
646 3449 689 3523 u,
715 3449 740 3506 c
768 3429 841 3507 dcc.
866 3449 1181 3534 computatorum
1199 3439 1369 3509 'arcetum
1387 3423 1468 3509 dis-¹

157 3538 341 3626 serentiae
366 3541 485 3623 tertiae
510 3534 582 3620 srnt
607 3539 723 3621 etiarn
756 3538 879 3622 nihilo
911 3539 1107 3650 aequalest
1145 3535 1264 3621 stillic
1286 3535 1462 3624 disseren·
1597 3591 1602 3600 —

157 3655 222 3738 tiae
248 3639 399 3738 tantum
423 3679 566 3764 quartae
591 3677 791 3768 aequentur
813 3652 962 3748 nihilo,
986 3651 1049 3734 hic
1073 3649 1297 3738 differentia
1312 3677 1460 3766 quartae

159 3769 280 3851 etiam
305 3764 570 3864 evanescant,
604 3773 643 3848 δι
661 3770 715 3850 ita
739 3769 781 3848 in
813 3767 986 3856 caeteriss
1025 3769 1065 3848 dc
1087 3771 1227 3876 punda
1258 3768 1462 3852 divisonis

161 3907 321 3966 arcuum
346 3907 459 3966 erunt
483 3883 589 3966 Loca
614 3880 863 3964 Cometae'ad
889 3903 1088 3963 momenta
1107 3883 1311 3990 Temporis
1328 3883 1466 3966 analo-

109 4009 115 4020 '
160 4021 243 4109 ga:
263 3995 487 4080 Intermedii
513 4022 612 4080 vero
632 4019 741 4078 arcus
756 4015 943 4106 poterunt
963 4012 1060 4077 tuto‘
1085 3985 1226 4079 censeri
1239 3990 1463 4080 issometa

74 4101 83 4124 ⁹
160 4110 402 4222 aequabiliter
425 4108 608 4222 percurri.
810 4175 815 4186 .

184 4281 187 4286 ·
222 4223 376 4306 Etenim
409 4225 486 4310 hoc
510 4223 637 4327 modo
673 4221 813 4308 sictut
847 4247 956 4306 arcus
995 4221 1162 4334 quilibet
1191 4241 1267 4315 12>
1297 4227 1374 4327 233
1406 4241 1463 4324 34

161 4336 232 4422 vel
250 4357 301 4443 45
330 4361 570 4450 percurratur
601 4335 624 4422 ὲ
673 4339 846 4422 Cometa
885 4334 1092 4422 secundum
1128 4335 1293 4421 eandem
1333 4339 1464 4448 legem

161 4475 279 4536 moto
303 4477 422 4565 atque
446 4479 555 4536 arcus
587 4473 695 4534 totus
718 4473 768 4558 17
796 4483 806 4531 z
847 4479 896 4536 ex
929 4450 1209 4534 construdlione
1242 4452 1343 4535 enirn
1370 4473 1477 4562 prae-⁴

162 4567 355 4650 dissutum
380 4591 536 4649 arcuum
572 4565 738 4677 quilibet
768 4560 923 4677 ejusque
956 4593 1041 4676 pars
1070 4566 1217 4675 quavis
1247 4587 1309 4646 tot
1331 4585 1462 4674 partes

164 4679 370 4770 continens
391 4705 492 4793 quot
518 4701 568 4788 17
594 4707 705 4766 atctu
726 4680 904 4878 continefr
933 4697 1009 4778 12,
1036 4695 1117 4782 23,
1147 4698 1201 4784 34
1225 4681 1301 4760 &a
1334 4673 1462 4760 satulli·

585 4811 588 4818 ·
818 4797 848 4878 F
919 4815 943 4899 3
1402 4807 1466 4873 tec
1510 4825 1515 4837 ·
