4346 5676
1268 547 1487 652 (22)

559 723 563 731 ·
736 701 822 764 tunt
844 667 1162 766 neteliaria'eunt
1190 662 1422 764 utilioribus
1447 655 1699 750 commiscere
1730 659 1911 763 videat,
1944 661 2038 750 lum.

736 820 803 880 rna
820 813 972 878 tentunr
1000 787 1194 903 principia
1219 781 1375 870 tradam
1401 807 1572 896 quonum
1612 807 1692 896 ope
1717 779 1892 898 quilibet
1923 779 2038 868 facile

738 912 780 998 in
809 910 918 996 omni
938 908 1068 996 Plano.
1089 901 1321 1018 Horologia
1342 899 1496 990 Solaria
1520 895 1739 990 describere
1775 895 1926 988 valeat.

798 1029 950 1112 Totum
979 1026 1060 1110 hoc
1091 1017 1331 1137 Opulculum
1360 1019 1401 1103 in
1438 1041 1609 1134 quatuor
1644 1016 1790 1130 Capita
1824 1018 2039 1128 partiemur
2086 1081 2096 1100 .

740 1147 910 1232 Primum
933 1140 1155 1230 continebit
1179 1140 1352 1254 aliquot·
1366 1162 1506 1254 ptaues
1534 1135 1796 1224 Guomonicae
1824 1129 1965 1222 faciles
1997 1141 2039 1222 dt

740 1263 868 1350 utiles.
916 1253 972 1344 'ln
987 1255 1159 1345 secundo
1171 1255 1436 1344 describentur
1452 1255 1685 1368 Horologia
1708 1253 1929 1366 Regulatia.
1994 1257 2040 1340 ln

741 1383 863 1478 tertio
888 1375 940 1463 de
956 1375 1193 1492 Horologiis
1224 1371 1554 1486 Declinantibus,
1584 1369 1869 1458 inclinantibus
1886 1371 2040 1458 &mix-

742 1501 793 1587 tis
817 1491 1030 1583 differetur.
1085 1499 1136 1580 :In
1164 1517 1313 1610 quarto
1336 1492 1660 1604 Horologiorum
1688 1484 2041 1574 describendorum

740 1643 811 1732 per
825 1615 1018 1700 calculum
1039 1613 1274 1728 angulorum
1293 1607 1506 1698 methodus
1521 1605 1761 1696 indicabitur
1781 1611 1823 1692 dt
1855 1603 2040 1694 demons-

744 1733 925 1826 trabitur.

1016 1931 1328 2020 CAPUT
1386 1928 1767 2020 PRIMUM.

770 2155 1082 2290 Problemata
1109 2157 1420 2266 Gnomona'ces
1465 2151 1700 2268 Faciliora
1742 2157 1993 2265 continens.

881 2429 1112 2520 Nomonica
1147 2432 1203 2516 est
1234 2457 1298 2522 ars
1340 2427 1669 2518 delineandorum
1711 2429 2039 2546 Horologioturn

823 2607 827 2614 -
894 2549 1091 2638 Solarium
1109 2554 1150 2635 dt
1180 2548 1448 2664 Sydeteotum
1474 2549 1515 2634 in
1558 2545 1839 2664 superficiebus
1877 2550 2037 2666 quibus·

737 2695 908 2784 euntque
933 2667 1062 2767 datis,
1095 2666 1174 2752 five
1194 2694 1265 2781 pet
1293 2666 1428 2755 tadios
1457 2665 1658 2766 diredios,
1687 2665 1766 2756 five
1786 2693 1858 2781 pet
1894 2668 2036 2754 radios

578 2811 582 2818 ’
736 2791 946 2886 reflexos,
977 2782 1057 2870 stre
1092 2813 1161 2898 per
1192 2784 1325 2873 radios
1359 2784 1560 2874 tefradios.
1638 2786 1730 2872 Nos
1770 2783 1890 2871 lolam
1924 2787 2035 2871 illant

736 2903 1001 2989 Gnomonicae
1019 2926 1170 3012 partem
1202 2899 1266 2990 hle
1287 2904 1515 3018 attingimus
1542 2929 1628 3020 qua
1648 2932 1720 3018 per
1746 2905 1879 2988 radios
1903 2902 2034 2986 ditec-

737 3042 828 3119 tos,
859 3026 901 3106 dt
931 3020 981 3103 in.
1003 3013 1278 3130 superficiebus
1312 3045 1465 3109 tantum
1491 3024 1636 3138 planis,
1662 3021 1815 3139 Solatia
1837 3018 1922 3107 sola
1947 3025 2035 3106 llo-

526 3245 531 3252 .
598 3263 599 3266 w
725 3138 891 3252 rologla
914 3136 1111 3224 delineare
1138 3138 1274 3250 docet.
1350 3147 1354 3164 '

794 3254 956 3340 Deinde
983 3263 1106 3370 qutun
1130 3257 1449 3372 Horologiorum
1478 3255 1670 3344 Solarium
1693 3260 1770 3345 alia
1803 3247 1877 3344 srnt
1903 3257 2030 3372 Baby-

729 3373 865 3458 lonica
903 3381 990 3486 quae
1027 3378 1158 3459 Horas
1186 3377 1239 3463 ab
1270 3393 1360 3490 ortu
1401 3375 1506 3461 Solis
1545 3402 1791 3463 numeratas·
1816 3379 2028 3474 exhibent,

726 3491 813 3584 ‚alia
842 3494 981 3588 Italica
1005 3519 1092 3606 quae
1128 3497 1258 3580 Horas
1289 3493 1341 3580 ab
1372 3489 1509 3581 occasu
1541 3496 1646 3582 Solis
1679 3495 1922 3593 ostendunt,
1952 3495 2030 3580 alla

734 3609 1011 3695 Astronomica
1040 3639 1126 3725 quae
1158 3617 1289 3698 Horas
1309 3641 1343 3704 ..a
1381 3611 1553 3698 Meridie
1578 3614 1645 3699 vel
1674 3612 1697 3700 l
1733 3616 1870 3702 Media
1904 3617 2054 3702 nodie.

729 3751 980 3840 computatas
1004 3728 1247 3843 indigitant,
1280 3737 1355 3817 &c
1416 3733 1507 3818 Nos
1534 3727 1586 3816 de
1608 3734 1846 3849 Horologils
1872 3755 2027 3816 tant-rm

732 3845 1017 3933 Astronomicis
1045 3851 1235 3962 agimus,
1265 3851 1472 3964 inquibus
1500 3849 1720 3938 incendic
1760 3853 1813 3939 ad
1845 3851 2025 3934 Mediam

534 4031 550 4049 .
732 3969 917 4064 nodlern,
936 3969 1066 4054 llorae
1091 3965 1325 4066 duodecim,
1346 3973 1428 4054 &a
1454 3966 1592 4055 Media
1616 3975 1733 4060 nodie
1749 3970 1802 4058 td
1817 3969 2023 4064 MerIdieru

727 4081 906 4168 totidem
922 4087 1046 4169 Horae
1067 4089 1279 4177 numerata
1296 4085 1528 4172 indicantur.

790 4203 1221 4314 igituthonromices
1245 4207 1312 4291 illa
1336 4207 1467 4290 nostra
1505 4203 1738 4294 methodum
1772 4205 1899 4293 docet
1932 4229 2019 4318 pro·

729 4318 993 4434 jiciendotunt
1022 4321 1185 4435 Sphaerae
1215 4326 1445 4412 circulorum
1476 4327 1766 4432 (maximorum
1801 4325 2018 4439 praecipue)
2159 4419 2160 4434 q

725 4463 953 4553 eorumque
976 4437 1282 4530 dividendorum
1309 4446 1350 4530 in
1369 4445 1618 4564 apparentiae
1644 4442 1835 4561 graduum
1853 4460 1926 4531 aut
1939 4467 2019 4556 ptr·
2159 4487 2160 4544 3

728 4569 831 4659 'tium
869 4556 1089 4673 aequalium.
1160 4563 1374 4678 Sequentia
1417 4587 1550 4654 autem
1591 4589 1721 4679 pauca
1754 4561 2017 4682 lupponimus.

969 4733 978 4742 .
1381 4742 1386 4750 ,
1836 4693 1840 4700 ’
1964 4696 2018 4765 [θ’
