4376 5694
215 566 260 642 Φ·
284 479 684 644 'caunetum
722 559 1063 638 BLEMENTA.
1102 559 1203 636 ιιι.
1234 561 1301 638 IV.
1376 522 1442 662 57'3

140 695 235 782 dem
257 701 465 785 Meridiani
486 697 677 810 planum,
709 681 1058 816 quod'protensum
1072 773 1077 779 .
1092 698 1131 781 in
1156 699 1339 810 ruinridit
1350 759 1365 800 ,
1388 702 1445 785 in·

143 811 239 902 cidit
269 810 389 898 etiim
406 815 444 894 in
471 841 514 895 τ.
574 819 710 928 Atque
732 811 904 900 libratio
931 815 1012 900 haec
1045 813 1094 900 ab
1121 814 1448 926 inaequalitatibus

140 926 323 1010 omnibus
340 921 476 1008 Mortis
499 923 537 1006 in
576 925 738 1040 longum
774 927 966 1022 allicitur,
1005 931 1043 1008 δι
1070 929 1171 1008 inter
1197 925 1364 1038 reliquas
1395 930 1445 1010 ab

141 1037 209 1122 illa
232 1065 312 1151 ‚qua
333 1040 440 1121 Luna
472 1039 513 1121 in
538 1043 792 1148 Quadraturis
826 1069 913 1126 cum
939 1041 1032 1126 Sole
1059 1037 1082 1124 i
1114 1045 1233 1127 Terra
1268 1067 1447 1126 remove.

140 1175 234 1247 tur,
262 1150 312 1233 de
334 1179 414 1266 qua
435 1150 578 1234 ditium
609 1154 662 1237 est
690 1155 833 1238 Corol.
861 1157 1064 1264 Prop.11.

199 1269 352 1362 Porro,
383 1267 571 1376 quoniam
590 1263 821 1380 Auis-super
851 1297 970 1380 quem
1003 1269 1113 1356 Luna
1141 1267 1183 1350 in
1220 1261 1258 1349 se
1283 1293 1446 1352 conver·

141 1376 236 1462 titur
265 1377 349 1462 non
379 1379 431 1460 est
462 1376 512 1461 ad
548 1379 694 1462 Orbem
734 1385 847 1464 Lunae
891 1383 991 1464 circa
1015 1385 1173 1464 Terram
1210 1376 1443 1492 descriptum

139 1489 498 1604 perpendicularis,
527 1485 590 1574 sed
617 1491 666 1574 ad
686 1491 794 1576 illum
818 1493 1052 1582 inclinatura
1097 1516 1205 1604 patet
1222 1521 1324 1576 nunc
1343 1496 1447 1577 hunc
1492 1549 1493 1556 κ

95 1618 98 1632 “
137 1630 244 1688 nune
262 1603 371 1687 illum
390 1607 503 1690 Lunae
527 1605 667 1688 Polum
701 1605 763 1690 ad
786 1612 943 1689 Terram
975 1633 1145 1690 annuere
1171 1662 1185 1703 ,
1228 1605 1446 1714 (similiter

139 1707 291 1829 prorsus
321 1722 361 1800 δι
404 1741 564 1830 propter
590 1717 749 1806 sunilem
786 1715 935 1810 caulam
973 1743 1093 1831 atque
1129 1718 1292 1808 Telluris
1327 1720 1446 1804 Polus

136 1857 243 1915 nunc
268 1830 330 1913 hic
356 1857 459 1916 nunc
484 1831 627 1920 ille-ad
655 1832 788 1928 Solem
806 1833 981 1940 annuit‚)
1008 1833 1190 1942 adeoque
1218 1833 1333 1916 lunae
1357 1837 1446 1924 Ma-

136 1945 244 2028 culas
259 1969 363 2028 nunc
392 1943 482 2026 huic
518 1971 621 2028 nunc
654 1942 710 2028 illi
735 1946 836 2030 Polo
870 1947 1016 2028 vicinas
1041 1975 1089 2027 ex
1114 1949 1232 2027 Terra
1252 1939 1446 2055 spet'tari,

133 2057 214 2144 lroe
238 2057 324 2153 est,
350 2054 463 2140 aliam
482 2057 597 2140 lunae
629 2059 895 2146 Librationern
919 2069 965 2142 ex
989 2058 1147 2141 Tellure
1169 2056 1314 2150 videri3
1343 2087 1445 2170 quae,

135 2197 228 2258 cum
254 2167 276 2254 ti
309 2167 377 2254 suu
398 2169 513 2252 Luna
538 2164 707 2281 respedlu
739 2171 954 2256 Nodorum
981 2169 1127 2253 Orbitae
1153 2164 1224 2256 sure
1242 2189 1329 2256 cum
1346 2174 1446 2256 Ecli·

132 2286 244 2398 ptica
268 2281 468 2392 pendeat,
499 2281 620 2388 (nem
641 2279 835 2390 Axis'ejus
856 2341 870 2381 ,
889 2281 1058 2397 utsupra
1079 2282 1253 2381 dilium,
1288 2283 1443 2372 elisere

131 2395 187 2482 ad
214 2397 372 2510 planum
389 2395 584 2528 Eclipticae
600 2398 783 2484 normalis
800 2407 839 2500 ,)
865 2381 1042 2480 Libratin
1056 2401 1098 2476 in
1113 2389 1257 2476 Latum
1271 2399 1351 2502 jure
1371 2429 1445 2483 vo·

130 2509 260 2595 taturi
320 2501 551 2592 Absolvrtur
590 2512 631 2592 dr
655 2511 733 2592 haec
766 2506 889 2622 spatio
919 2508 1063 2594 Menlis
1083 2508 1327 2621 'periodici,
1364 2512 1443 2596 srve

124 2621 271 2735 ..potius
313 2619 503 2706 redeunte
543 2619 651 2712 Luni
683 2621 735 2708 ad
773 2622 931 2712 finirem
965 2617 1133 2740 respedu
1154 2613 1368 2710 Nodorum
1402 2623 1472 2708 lie
1583 2727 1593 2748 .

135 2759 240 2824 tum.
381 2779 384 2791 ¹

191 2847 356 2951 Rursus,
383 2851 437 2936 est
458 2855 497 2934 ἀ
515 2845 628 2936 tertia
655 2851 890 2940 librationis
915 2851 1033 2936 [une
1048 2845 1201 2974 species·
1214 2906 1228 2966 ,³
1248 2847 1326 2964 qud
1341 2849 1385 2937 fit
1400 2871 1445 2937 ut

130 2965 229 3050 lieet
259 2966 335 3050 alia
358 2967 439 3070 ejus
479 2991 567 3076 pars
596 2967 724 3052 Terrae
753 2995 835 3052 non
864 2966 1094 3052 obvettatur
1133 2990 1252 3076 quam
1277 2993 1362 3078 quae
1392 2991 1442 3050 err

131 3077 288 3167 duabus
313 3077 434 3162 causrs
463 3079 767 3192 praecedentibus
804 3080 1066 3192 (Libratione
1089 3079 1267 3164 nimitum
1291 3081 1331 3164 in
1359 3077 1446 3166 lon-

129 3195 289 3306 gum&
311 3192 353 3274 in
377 3190 528 3296 latum)
559 3193 717 3279 obverti
745 3195 866 3282 debet
881 3253 896 3293 ‚
929 3221 1058 3278 tamen
1078 3191 1191 3276 aliam
1220 3187 1244 3276 ai
1270 3191 1364 3276 Sole
1399 3193 1446 3275 il·

130 3305 317 3392 luminari
349 3305 558 3416 contingit.
620 3307 725 3392 Cum
746 3310 849 3392 enirn
882 3308 981 3394 Axis
1013 3310 1130 3391 Luna
1159 3304 1203 3388 fit
1229 3303 1281 3387 ad
1322 3303 1450 3416 Eclip·

129 3421 218 3504 ticae
251 3416 413 3530 planum
441 3418 618 3531 proxime
648 3423 874 3521 normalis,
915 3447 1005 3504 eum
1034 3417 1226 3520 Lunatab
1252 3415 1441 3528 Eeliptica

129 3526 266 3620 versus
287 3529 469 3618 Austrum
492 3531 641 3615 recedit
667 3533 833 3618 maxime
868 3534 899 3644 ·(
916 3533 994 3618 hoc
1015 3531 1103 3624 est,
1131 3559 1218 3616 curn
1243 3531 1283 3615 in
1302 3531 1442 3616 limite

129 3645 308 3732 Australi
335 3645 572 3752 invenitur)
612 3646 730 3728 Lunae
759 3648 879 3732 Polus
905 3645 1048 3730 boreus
1076 3650 1116 3728 &
1148 3647 1265 3730 etiam
1301 3644 1442 3839 alipuae

130 3761 237 3844 ultra
271 3759 412 3841 Polum
435 3757 593 3841 lunaris
616 3759 740 3843 Globi
759 3786 887 3873 partes
909 3756 933 3846 d
960 3757 1055 3842 Sole
1079 3758 1335 3854 illustrantur,
1377 3783 1442 3841 um

130 3872 294 3958 interim
321 3867 489 3978 ejusdem
516 3870 633 3954 Polus
660 3873 828 3958 australis
866 3873 1085 3984 aliquarque
1116 3870 1213 3974 eitra
1247 3871 1351 3956 hunc
1380 3898 1438 3954 re-

56 4001 63 4012 '
128 3987 278 4100 giones
303 3988 470 4072 Lunares
492 3985 532 4068 in
560 3982 729 4072 tenebris
756 3981 980 4079 veruntum
1004 3986 1044 4066 in
1069 3985 1147 4068 hoc
1164 3983 1281 4094 igitur
1302 3979 1387 4068 casu
1414 3981 1443 4094 li

130 4099 346 4206 contingat
379 4098 512 4182 Solem
531 4097 571 4179 in
590 4097 727 4188 eadein
756 4100 869 4214 plaga
892 4126 982 4184 cum
1004 4099 1119 4181 Lunae
1137 4097 1277 4184 Lirnite
1307 4097 1444 4204 austra·

130 4203 333 4298 liversari
349 4264 363 4307 ,
385 4212 498 4296 Luna
521 4207 544 4296 d
569 4213 858 4319 Conjuntiione
879 4240 968 4298 cum
991 4211 1083 4296 Sole
1111 4211 1163 4294 a'd
1197 4209 1361 4297 Nodum
1390 4207 1445 4296 as·
1600 4235 1605 4242 '

130 4321 378 4412 tendentem
421 4325 638 4432 procedens
677 4324 874 4410 videbitur
915 4325 1101 4438 paulatim
1135 4318 1217 4424 suas
1261 4325 1444 4440 regiones

132 4429 367 4526 Maculasve
393 4437 494 4524 Polo
520 4431 588 4522 suo
615 4439 743 4526 boreo
769 4439 916 4526 vicinas
940 4437 981 4521 in
1014 4433 1328 4551 Hemisphaerlum
1360 4465 1444 4538 non
1520 4531 1524 4538 ,

134 4551 405 4640 illuminatum
434 4544 646 4635 subducere
674 4609 688 4652 ‚
726 4551 821 4640 dum
854 4552 1009 4643 interim
1038 4550 1090 4637 ab
1124 4549 1303 4668 opposita
1329 4542 1471 4669 plaga.

232 4659 395 4774 Gre'gori
409 4661 511 4773 ‘ii'-
536 4658 639 4751 Tem.
663 4665 723 4752 ll.
928 4665 932 4670 ’
1048 4669 1086 4770 Τ
1268 4685 1270 4690 ·
1362 4663 1445 4751 allae
1561 4731 1564 4738 .
