4346 5676
713 543 732 642 t
793 553 842 628 21
906 547 926 646 r

564 752 596 836 Β
657 755 692 841 R
751 757 785 840 E
844 759 883 843 V
945 757 963 844 1
1020 761 1047 846 S

83 1071 95 1094 ‚
162 961 813 1072 uououomoreum
838 935 1458 1087 sorornmconunr

455 1192 1176 1314 TRACTA'TUS.

196 1434 201 1444 ⁶
305 1467 505 1580 Orologia
522 1439 665 1556 'rotata
685 1467 866 1583 pendulis
891 1471 1103 1571 iollrusia,
1134 1468 1161 1555 fi
1184 1471 1332 1588 affabre
1358 1471 1461 1562 faeta
1493 1501 1496 1508 ·

18 1593 22 1600 '
319 1584 421 1685 smt,
453 1584 661 1696 Temporis
687 1587 814 1672 Medii
841 1585 905 1672 seu
936 1592 1096 1700 aqualis
1122 1590 1339 1676 mensuram
1371 1589 1461 1680 satis

159 1723 383 1786 accuratam
422 1699 687 1814 suppeditant.
746 1703 826 1791 Sed
861 1711 1036 1818 Tempus
1070 1705 1171 1792 illud
1207 1709 1389 1822 Medium
1420 1713 1461 1794 dt
1626 1795 1628 1800 .

137 1819 311 1930 .aequale
331 1845 582 1935 nequaquam
597 1847 697 1906 vero
715 1821 819 1906 Solis
844 1827 972 1908 motui
996 1821 1223 1935 respondet.
1260 1815 1330 1914 100'
1345 1827 1460 1912 linim

155 1959 291 2024 motus
309 1939 391 2042 ejus
416 1937 629 2051 aequalibus
651 1939 896 2052 temporibus
915 1939 1119 2055 aequabilis
1136 1970 1218 2027 non
1241 1943 1317 2040 est,
1349 1948 1389 2028 de
1408 1943 1459 2026 ab

156 2051 351 2168 Apogoeo
377 2080 490 2140 motu
512 2054 732 2142 accelerato
764 2054 817 2139 ad
837 2059 1053 2170 Petigaeum
1079 2056 1310 2160 descendit,
1339 2059 1364 2144 'i
1389 2064 1459 2144 Pe·

155 2172 280 2284 rigeo
300 2195 434 2257 autem
458 2197 570 2260 motu
592 2172 792 2259 retardato
822 2167 997 2263 aseendit
1013 2172 1071 2259 ad
1096 2173 1351 2289 Apogaeum
1395 2191 1458 2264 2⁰.

105 2325 114 2338 ·
154 2289 313 2374 Etiamsi
329 2314 462 2376 motus
486 2289 591 2388 Solis
610 2289 816 2406 aequabilis
833 2292 874 2376 in
903 2286 943 2377 se
966 2288 1203 2379 &absolute
1226 2287 1347 2391 esset,
1367 2293 1459 2378 inae·
1497 2289 1498 2292 ‘

154 2407 287 2518 qualis
319 2433 449 2494 tamen
474 2405 551 2493 esse
575 2408 825 2521 temporibus
850 2411 1097 2522 aequalibus,
1139 2411 1162 2498 ὲ
1197 2417 1318 2498 Tetra
1346 2435 1458 2496 extra

154 2549 334 2617 cerurum
358 2527 561 2640 aequabilis
587 2528 691 2610 illius
706 2521 838 2611 mottls
875 2524 973 2614 ,ofiti
991 2526 1209 2614 videretur.
1244 2557 1299 2636 3⁰·
1316 2535 1455 2636 Quan-

153 2670 279 2756 quam·
296 2641 435 2728 Motus
454 2647 558 2731 Solis
593 2642 810 2730 eTellure·
849 2649 1024 2758 pedatus
1063 2642 1157 2733 esset
1178 2652 1218 2731 δι
1250 2648 1455 2732 videretur

154 2761 363 2875 aequabilis
392 2762 432 2847 in
454 2759 523 2844 sua
545 2760 717 2860 Orbita,
749 2785 921 2848 attamen
948 2790 1070 2878 quum
1092 2764 1162 2850 Sol
1180 2786 1296 2856 motu
1321 2787 1454 2850 annuo
1570 2781 1573 2786 ’

151 2881 386 2992 Eclipticam
409 2902 624 2994 peragret,
653 2907 737 2964 non
756 2905 856 2964 vero
883 2885 1142 2994 AEquatorem
1166 2883 1208 2966 in
1236 2908 1320 2996 quo
1338 2879 1455 2966 sumi·
1495 2896 1504 2907 “

152 3017 219 3081 tut
241 2999 416 3084 mensura
442 2997 680 3112 Temporis,
712 3023 916 3112 quumque
942 2999 1142 3110 Ecliptieae
1169 2997 1220 3084 ad
1254 3001 1454 3114 liquato·

39 3143 42 3150 ·
151 3140 239 3198 rem
279 3115 473 3200 inclinate
508 3115 726 3230 equalibus
765 3115 943 3224 partibus
980 3145 1062 3200 non
1091 3115 1242 3231 semper
1285 3115 1453 3227 aquales

150 3233 388 3346 AEquatoris
412 3257 542 3346 partes
563 3228 845 3343 respondeant,
876 3259 961 3345 quae
982 3231 1232 3319 Ascensrones
1258 3238 1370 3316 teclae
1394 3230 1451 3316 di·

149 3374 315 3452 cuntur,
346 3348 443 3434 ideo
463 3349 529 3435 vel
554 3347 634 3434 hoc
666 3345 753 3436 solo
773 3352 933 3433 nomine
963 3354 1133 3462 Tempus
1168 3375 1358 3462 appatens
1384 3344 1450 3432 seu

148 3493 294 3569 vetum
320 3471 513 3581 inaequale
546 3466 627 3566 est,
657 3491 729 3550 nec
755 3493 825 3579 pet
853 3465 1080 3580 Horologia
1107 3491 1310 3554 automata
1341 3493 1449 3551 com·
1513 3473 1520 3489 ⁸

150 3585 277 3696 mode
311 3584 422 3672 certo
459 3593 500 3672 dt
525 3588 745 3686 constanter
780 3579 1045 3698 repraesentati
1073 3588 1213 3701 potest.
1273 3589 1365 3695 Qua
1398 3583 1449 3670 de

149 3699 263 3792 causi
287 3727 442 3818 gratum
465 3732 528 3791 me
554 3701 746 3791 saelorum
768 3701 1027 3790 Astronomiae
1055 3702 1231 3790 lludiosts
1256 3701 1450 3788 existima·

149 3825 224 3922 vi,
254 3823 615 3937 fiHorologiorum
631 3822 853 3921 Solarium,
872 3849 960 3937 quae
978 3824 1078 3922 veri,
1099 3819 1162 3910 seu
1178 3821 1377 3933 inaequalis
1390 3843 1450 3938 at·

149 3969 233 4058 que
257 3945 479 4055 apparentis
516 3940 727 4054 Temporis
761 3935 973 4028 mensuram
1006 3941 1196 4026 exhibent
1229 3933 1450 4024 describen-

148 4063 328 4159 dorum,
359 4057 618 4147 breviffimam
639 4056 870 4144 methodum
894 4055 1154 4144 traderemur
1173 4060 1217 4144 in·
1236 4053 1449 4174 observan.
1538 4143 1542 4152 ,

149 4174 254 4276 dis,
271 4177 473 4263 calculove
504 4176 752 4287 subjiciendis
778 4171 958 4291 syderum
979 4179 1153 4264 motibus
1177 4180 1348 4288 Tempus
1363 4175 1449 4260 Me·

150 4295 263 4380 dium
288 4298 324 4380 in
344 4301 516 4410 Tempus
535 4297 740 4408 Apparens
764 4320 832 4381 aut
858 4295 881 4380 ὲ
907 4319 1046 4380 contra
1069 4297 1276 4407 Apparens
1298 4293 1337 4376 in
1361 4294 1448 4378 Me·
1526 4303 1529 4312 “
1659 4291 1662 4299 ’

148 4414 267 4524 dium
297 4440 559 4515 convertere,
591 4440 659 4502 aut
678 4423 846 4530 quoquo
868 4411 994 4498 modo
1024 4413 1187 4500 alterum
1211 4439 1298 4499 cum
1318 4411 1446 4496 altero

148 4526 384 4646 ‚comparate
412 4533 545 4650 quiuis
584 4531 711 4647 possit.
770 4531 851 4650 Sed
869 4560 919 4624 ne
945 4533 1115 4710 imildae
1126 4554 1205 4707 put
1237 4553 1341 4617 certe
1379 4541 1448 4639 pa'.

504 4654 507 4668 ’
905 4723 910 4727 .
1036 4747 1038 4756 q
1190 4667 1213 4750 3
1360 4667 1448 4728 rum
