4420 5692
712 644 785 716 494
931 613 1455 729 AS'TRONOMIAE
1514 615 1905 720 antstcae,

716 751 897 872 AEquatio
931 762 1049 839 centri
1080 749 1194 838 Lm
1217 752 1457 867 quandoque
1471 752 1628 838 dicitur
1655 754 1673 864 )
1703 783 1773 864 per
1803 763 1916 871 Prop.
1952 785 2023 844 νὴ·

717 877 806 962 Lib.
839 897 915 954 111.
950 889 1023 982 pto
1056 871 1176 982 gradu
1211 867 1430 954 Anomaliae
1472 869 1587 951 Lunae
1625 869 1761 954 mediae
1796 874 2022 971 invenitur,

720 997 760 1074 δι
788 989 954 1070 inventae
983 986 1235 1098 AEquationes
1268 1009 1340 1096 pro
1376 978 1528 1092 singulis
1562 982 1744 1092 gradibus
1784 984 1822 1068 in
1855 988 2023 1071 Tabulas

721 1099 997 1216 disponuntur,
1024 1099 1212 1183 addendae
1241 1096 1306 1180 vel
1334 1091 1599 1178 subtrahendae
1626 1125 1697 1205 pto
1731 1100 1879 1184 Orbitae
1906 1097 2026 1185 semil-

722 1215 759 1303 se
782 1216 830 1300 ab
857 1217 1035 1327 Apogaeo
1061 1213 1113 1298 ad
1141 1214 1371 1323 Perigaeum,
1397 1211 1463 1294 vel
1489 1207 1511 1293 ὲ
1536 1211 1704 1322 Perigao
1729 1213 1780 1296 ad
1796 1213 2026 1327 Apogaeum.

726 1329 926 1433 Quoniam
952 1357 1050 1412 veto
1078 1327 1224 1438 Orbitae
1253 1324 1412 1410 Lunaris
1434 1325 1709 1409 Excentricitas
1731 1355 1923 1438 perpetuo
1948 1359 2030 1412 mu·

727 1471 857 1541 tatur,
884 1447 923 1525 &
955 1469 1028 1554 pto
1056 1443 1231 1556 qualibet
1264 1439 1563 1524 Excentticitate
1596 1438 1788 1524 Tabulam
1813 1446 2032 1529 construere

728 1555 957 1670 impollrbile
989 1555 1093 1642 foret
1136 1587 1148 1646 ς
1185 1555 1278 1638 ideo
1313 1551 1571 1638 communiter
1605 1552 1785 1638 Artifices
1816 1551 2031 1662 hujusmodi

732 1673 1012 1786 AEquationum
1052 1669 1223 1757 Tabulas
1266 1669 1489 1753 construunt
1523 1666 1575 1751 ad
1612 1667 1780 1779 singulos
1814 1670 2034 1756 Anomaliae

733 1787 869 1874 mediae
904 1785 1044 1898 gradus
1077 1813 1149 1898 pro
1185 1784 1419 1867 maxima&
1454 1783 1610 1865 minima
1640 1786 1938 1870 Excentricitate
1962 1788 2036 1867 Or-

734 1903 817 1998 bis,
852 1899 1092 2012 quandoque
1131 1900 1247 1984 etiam
1290 1925 1363 2009 pro
1406 1895 1573 1985 medias
1610 1899 1651 1979 δι
1677 1900 1952 2010 AEquationem
1981 1893 2036 1980 lu·

736 2037 848 2102 munt
872 2010 1040 2098 similiter
1066 2011 1403 2127 proportionalem
1424 2012 1523 2095 inter
1552 2011 1831 2122 AEquationem
1854 2015 2038 2118 majorem
2102 2107 2105 2115 Ι

737 2137 777 2213 dt
809 2127 1025 2240 minorem,
1064 2154 1183 2240 atque
1222 2127 1500 2210 Excentricitas
1531 2125 1673 2211 Lunati
1710 2129 1857 2210 Orbitae
1887 2155 2039 2240 compe·
2095 2175 2121 2237 ·.

710 2267 825 2329 ¹tens
852 2243 905 2324 est
935 2244 1035 2326 inter
1058 2238 1396 2324 Excentricitatcm
1422 2239 1627 2324 maximam
1656 2245 1696 2320 δι
1729 2242 1941 2326 minimam.

796 2358 999 2470 Septimo,
1039 2352 1295 2440 subnectenda
1323 2355 1377 2438 est
1406 2353 1556 2438 Tabula
1593 2351 1768 2438 indicans
1803 2357 2041 2469 lnaequalita·
2184 2439 2185 2442 ι

740 2497 820 2558 tem
852 2473 968 2554 Lunae
1001 2470 1134 2568 illam,
1169 2495 1288 2582 quam
1319 2469 1427 2552 omni
1459 2467 1623 2552 Satelliti
1658 2494 1881 2581 competere
1914 2473 2037 2554 osten·
2184 2505 2185 2576 ι

740 2583 821 2670 sum
862 2585 916 2667 est
950 2588 1067 2698 Prop.
1108 2607 1144 2670 1.
1183 2609 1256 2697 pto
1278 2582 1395 2666 uaria
1425 2583 1541 2664 Lunae
1576 2581 1815 2668 Distantiai
1848 2587 2053 2722 szygiis.¹
2184 2585 2185 2615 ³

743 2700 859 2786 Luna
883 2698 987 2781 enim
1014 2703 1151 2783 Motus
1182 2699 1223 2780 in
1249 2698 1377 2808 primo
1403 2694 1547 2782 Mensis
1581 2696 1795 2808 quadrante
1822 2697 1935 2808 (sive
1957 2729 2039 2814 per·

742 2837 860 2927 gente
892 2807 1001 2894 Lunai
1025 2809 1048 2896 i
1073 2811 1361 2917 eonjunoione
1392 2809 1443 2892 ad
1480 2809 1762 2918 Qadraturam
1791 2815 2040 2926 proximam)

748 2926 991 3026 retardatur,
1030 2923 1267 3011 insecundo
1304 2923 1568 3020 acceleratur,
1608 2925 1649 3006 in
1682 2928 1799 3012 tertio
1828 2930 2039 3014 retardatur

750 3037 898 3139 rursus,
930 3046 969 3124 δι
990 3043 1030 3124 in
1060 3063 1201 3153 quarto
1227 3040 1366 3123 iterum
1390 3037 1638 3123 acceleratur.
1697 3045 1810 3127 Hanc
1844 3044 2042 3156 Inaequali-

737 3175 871 3240 tatem
896 3155 938 3237 in
972 3157 1088 3240 Lunae
1117 3179 1229 3238 motu
1266 3153 1409 3264 primus
1443 3153 1699 3263 deprehendit
1730 3152 1866 3269 Tycha,
1907 3163 1947 3240 δι
1973 3185 2044 3242 vo·
2103 3229 2105 3234 .

751 3269 894 3353 cabulo
925 3261 1011 3352 satis
1048 3263 1153 3380 apto
1169 3267 1428 3350 Variationem
1454 3268 1566 3353 dixit.
1624 3269 1682 3354 At
1705 3273 1941 3356 Variationis
1974 3277 2045 3356 Ta-

751 3385 845 3468 bula
877 3380 1081 3466 condenda
1112 3381 1166 3464 est
1197 3409 1246 3465 ex
1285 3379 1394 3466 diuis
1426 3383 1466 3464 in
1500 3384 1644 3466 Cotol.
1673 3403 1712 3474 2.
1739 3392 1854 3498 Prop.
1887 3411 1940 3467 ιι.
1969 3413 2046 3580 pro

751 3499 870 3582 lunae
910 3495 1050 3580 Orbita
1076 3497 1216 3580 latiore
1238 3497 1341 3604 inter
1369 3495 1660 3602 Quadraturas,
1687 3501 1945 3584 constrictiore
1984 3526 2049 3582 rvc

753 3610 966 3724 angustiore
995 3613 1097 3694 inter
1128 3610 1313 3722 Syzygias
1325 3669 1341 3710 ,
1374 3640 1491 3724 quam
1525 3639 1659 3696 veram
1691 3609 1764 3699 elle
1797 3615 1913 3698 Lunae
1944 3608 2050 3698 semi·

753 3751 833 3812 tam
861 3716 1050 3807 ostensum
1078 3727 1130 3808 est
1165 3729 1281 3837 Ptop·
1320 3751 1376 3809 11.
1419 3723 1575 3838 ejusque
1606 3729 1749 3810 Corol.
1789 3751 1824 3816 ι.
1857 3729 2049 3812 Variatio·

754 3841 814 3924 nis
845 3839 957 3944 hujus
990 3833 1186 3954 quantitas
1226 3841 1395 3924 maxima
1423 3867 1472 3922 cx
1509 3843 1624 3950 Prop.
1658 3867 1723 3924 xx
1758 3847 1798 3925 dc
1835 3869 1943 3925 xxv.
1982 3839 2047 3924 eli·
2179 3895 2180 3904 ι

755 3954 882 4049 citur,
923 3957 962 4034 δι
1007 3957 1202 4066 quantitas
1223 4007 1228 4020 ·
1248 3953 1387 4060 cuique
1425 3951 1621 4038 Distantiae
1663 3959 1778 4040 Lunae
1813 3952 1837 4037 d
1876 3956 2051 4066 Syzygiis

755 4089 983 4178 competens
1018 4093 1066 4148 ex
1096 4072 1214 4176 Prop·
1269 4069 1356 4150 1&
1391 4087 1443 4148 ιι.
1486 4063 1672 4182 hujusque
1712 4070 1891 4156 coron.⁴
1926 4070 2054 4153 Caete.

758 4203 842 4261 rum
863 4177 1037 4260 Varlatio
1064 4173 1189 4261 rursus
1215 4177 1441 4288 corrigenda
1469 4183 1522 4266 est
1549 4213 1626 4296 ope
1643 4185 1800 4267 Tabulae
1820 4213 1887 4294 pet
1910 4189 2050 4294 Ptopp.

758 4315 902 4372 xvttt
945 4293 985 4371 δι
1021 4317 1120 4373 xix.
1156 4291 1400 4374 consttudae:
1451 4293 1572 4390 Terra
1597 4299 1700 4379 enim
1739 4298 1968 4382 Petihelium
1998 4323 2063 4378 te:

757 4425 906 4498 neme,
941 4405 1058 4486 lunae
1084 4411 1252 4518 Tempus
1290 4406 1531 4514 periodicum
1568 4429 1754 4521 augetur,
1799 4437 1919 4524 atque
1951 4410 2056 4492 inter

756 4515 854 4599 alios
897 4519 1054 4602 Errores
1089 4523 1221 4606 auctos
1250 4511 1329 4630 ipsa
1363 4519 1443 4605 haec
1477 4522 1495 4630 (
1526 4524 1576 4606 dc
1611 4551 1690 4635 qna
1719 4552 1823 4608 nunc
1858 4527 2004 4636 agimus
2032 4533 2052 4626 J

756 4629 996 4726 ,Vatinioin
1035 4635 1211 4745 qualibet
1249 4635 1500 4722 revolutione
1533 4664 1694 4750 augetur
1720 4643 1760 4723 in
1797 4641 1948 4724 tatione
1986 4635 2054 4716 du-

1434 4795 1438 4807 ·
1913 4751 2056 4866 plicata
