4322 5686
162 584 700 674 ecrourrrrce
735 571 1139 668 rt‘rurrurr.
1165 589 1319 667 rmvr.
1344 608 1418 684 γι,

92 743 255 838 rumque
293 721 485 808 distmtias
530 719 707 808 mensuris
743 723 811 810 srbi
852 729 954 810 notis
984 758 995 814 3
1048 751 1207 838 propter
1242 727 1417 810 Planeta·

92 859 177 916 rum
207 835 471 946 proximorum
498 833 608 941 Jovis
638 841 679 918 δι
706 840 832 918 Terrae
862 833 1074 920 distantiam
1104 895 1118 934 ,
1167 841 1206 917 dt
1231 832 1417 918 domicilii

93 936 148 1026 sui
183 945 424 1074 parvitatem.
504 943 668 1026 Telluris
703 945 842 1042 enim,
887 947 1004 1028 etiam
1036 942 1122 1028 cium
1146 942 1214 1028 fibi
1234 943 1418 1054 proximat

93 1077 347 1164 ommumque
378 1051 606 1137 Coelestium
648 1049 789 1136 infimae'
818 1113 832 1152 ,
881 1053 1080 1165 parallaxis
1106 1081 1187 1138 non
1212 1052 1285 1138 erit
1311 1045 1419 1132 senst-

92 1161 227 1258 bitis,
272 1161 418 1353 qsusppe
461 1189 542 1245 non
581 1160 681 1246 ultra
713 1177 760 1251 12
793 1157 963 1273 scrupula
1003 1159 1163 1246 sectmdn
1201 1159 1418 1254 ascendens,

95 1287 242 1381 quanta
303 1297 368 1354 ere
405 1270 459 1354 est
500 1270 601 1354 Solis
636 1271 835 1383 parallaxis
863 1270 975 1355 nobis
1003 1269 1219 1354 Terricoiis.
1307 1261 1420 1349 Atst

96 1377 233 1461 Martis
267 1369 322 1461 sui
358 1403 507 1464 motum
547 1382 646 1464 circa
685 1380 816 1464 Solem
851 1380 1064 1492 agnoscat,
1108 1378 1333 1463 Coelestium
1354 1371 1420 1456 di-

92 1486 246 1570 stantias
275 1489 374 1571 inter
402 1485 438 1571 se
467 1514 689 1598 comparare
718 1489 881 1600 potest:
939 1487 1110 1586 srnon,
1157 1515 1206 1570 ne
1232 1487 1309 1568 ho'c
1336 1481 1421 1674 ‹pui-

93 1592 224 1686 demr
272 1621 316 1679 ιιι
369 1594 447 1682 fuse
491 1597 532 1680 in
569 1594 716 1682 duabus
755 1595 1054 1708 praecedentibus
1091 1591 1347 1707 Proposttioni
1376 1609 1421 1672 ur

93 1701 281 1790 ostensum
309 1705 375 1791 est.
1118 1733 1122 1740 ⁴

431 1931 977 2056 PROPOSITIO
1025 1929 1088 2034 V.

91 2147 339 2369 ijrrsortrpna
386 2147 552 2262 Calestia
604 2149 727 2237 Oculo
768 2157 812 2236 in
857 2150 965 2260 Jove
1016 2155 1184 2235 resecato
1221 2143 1439 2282 spec'srndae¹

179 2289 268 2342 ecrt
293 2285 363 2346 ere.

154 2469 209 2551 Ol
236 2467 259 2552 ὲ
287 2469 389 2577 Jove
418 2467 535 2582 paulo
564 2471 649 2581 plus
676 2467 793 2580 quim
822 2471 1030 2584 quintuplo
1057 2469 1207 2554 minore
1233 2457 1426 2550 diametro

174 2595 334 2689 apparet
369 2577 486 2691 quim
514 2577 537 2662 ὲ
565 2579 718 2664 Tellure
741 2609 752 2669 3
803 2585 843 2663 δι
871 2581 950 2684 ejus
979 2580 1141 2692 proinde
1169 2578 1252 2660 Lux
1279 2581 1320 2658 δι
1347 2574 1426 2656 Ca·

93 2687 160 2772 lor
205 2685 364 2799 vigesies
405 2692 445 2769 δι
490 2685 527 2770 se
555 2689 625 2772 ties
662 2692 702 2772 in
765 2717 843 2772 ove
936 2688 998 2772 im
1038 2689 1141 2799 apud
1176 2714 1249 2768 nos
1282 2683 1425 2767 minor.

95 2797 211 2906 Jovis
254 2794 392 2880 Annus
427 2795 480 2880 du
536 2799 633 2881 ecim
669 2795 748 2880 sere
783 2795 806 2882 ὲ
840 2825 892 2882 no
942 2799 972 2880 is
1000 2798 1153 2903 aequalis
1183 2795 1273 2877 est:
1330 2791 1429 2878 Dies

95 2933 201 2992 vero
242 2906 420 2990 naturalis
460 2909 590 2991 nostro
625 2905 780 2990 vicissim
816 2909 978 2998 minorr
1023 2929 1159 3017 utpote
1186 2905 1255 3014 qui
1283 2899 1333 2986 ad
1360 2899 1429 2983 de·

96 3043 187 3099 cem
223 3039 272 3095 ex
306 3015 409 3097 horis
447 3017 582 3099 nostris
617 3018 685 3098 vix
718 3011 922 3101 ascendit:
971 3016 1134 3124 (Atque
1161 3036 1289 3120 motus
1316 3009 1430 3116 Jovis

95 3125 202 3208 circa
241 3125 437 3232 proprium
473 3151 584 3207 axem
620 3123 785 3233 periodo
823 3121 1035 3220 absolvitur
1070 3123 1241 3206 omnium
1269 3109 1429 3200 minimi

97 3257 236 3317 earum
269 3289 283 3328 ‚
364 3256 430 3314 uas
458 3233 497 3314 in
527 3233 650 3317 Coelo
678 3233 855 3317 hedenus
884 3231 1133 3318 observarunt
1161 3223 1432 3318 Astronomi:)

96 3340 226 3428 Unde
256 3258 362 3450 apud
385 3339 526 3447 Jovem
554 3343 653 3424 ultra
680 3339 816 3425 decern
845 3342 949 3426 miile
976 3340 1057 3424 dies
1087 3345 1125 3423 in
1154 3337 1274 3421 Anno
1297 3357 1430 3415 nume-

99 3474 248 3535 rantur.
281 3524 291 3539 ,
331 3449 428 3534 Dies
453 3451 614 3558 Jovialis
643 3447 721 3533 fere
749 3451 788 3534 in
817 3448 919 3532 diem
948 3446 1181 3533 artificialem
1209 3450 1249 3526 δι
1276 3443 1430 3526 nortem

99 3556 329 3657 dividitur,
375 3585 442 3669 per
479 3553 690 3642 universam
730 3560 840 3666 Jovis
874 3555 1140 3668 superficiemt
1190 3553 1276 3638 cium
1316 3549 1429 3648 Axis,
1478 3561 1482 3576 '

102 3670 206 3752 circ-a
238 3693 356 3778 quem
396 3667 545 3778 Jupiter
585 3667 840 3764 revolvitur,
880 3664 925 3751 fit
960 3665 1039 3751 fere
1067 3666 1246 3750 normalis
1274 3659 1324 3745 ad
1352 3662 1432 3768 pla-

102 3799 207 3860 num·
241 3775 425 3874 Orbitae,
472 3801 588 3886 quam
627 3776 690 3861 ilie
732 3781 831 3862 eirca
869 3775 1000 3860 Solem
1039 3772 1252 3859 describit:
1310 3769 1433 3854 Unde

102 3883 240 3969 srmiiia
280 3884 513 3968 obtineiiunt
553 3905 667 3993 atque
702 3881 938 3985 in'Marte,
982 3883 1031 3968 de
1059 3885 1197 3998 quibus
1226 3885 1265 3965 in
1294 3903 1433 3994 praece-

102 3993 227 4078 dente
254 3990 392 4077 dietum
421 3993 486 4076 est.
1436 4012 1441 4027 ·

163 4105 344 4210 Qatuot
394 4102 483 4188 litet
526 4098 597 4184 fint
647 4102 815 4185 Planetae
860 4103 1024 4213 primarii
1073 4103 1176 4210 Jove
1221 4097 1433 4193 inferiores,

106 4211 267 4293 iilorum
306 4209 447 4292 nulium
485 4233 615 4293 temet
646 4210 787 4293 Oculus
830 4213 868 4292 in
907 4212 1009 4319 Jove
1045 4210 1222 4320 positus;
1273 4205 1298 4290 fi
1334 4203 1435 4285 hunc

104 4339 301 4428 ponamus
329 4320 496 4404 acutiore
531 4313 613 4400 visu
652 4331 739 4402 non'
761 4319 907 4430 poliere
934 4346 1050 4428 quam
1078 4347 1149 4402 nos
1177 4379 1190 4418 ‚
1230 4323 1269 4401 dr
1300 4307 1438 4398 armos-

106 4423 238 4538 phaeri
280 4427 509 4524 involutum·
541 4421 626 4512 tise-
657 4429 779 4544 qmiis
789 4541 827 4620 O
819 4429 961 4513 Telluri
996 4426 1273 4515 cirotndmur:
1329 4425 1442 4612 Napr

171 4585 176 4595 ·
849 4555 928 4628 02
1360 4557 1438 4642 ipe
