4336 5692
195 643 241 728 D·
275 635 685 726 MOMETK'IM
714 637 1067 718 eramentu..
1090 641 1280 723 ‘er.‘I'V.
1347 653 1424 724 ’σοι

125 785 298 904 ciuialim·
319 786 509 874 minaria-0
550 787 674 872 Porro
688 843 702 884 ,
716 785 769 870 in
796 783 871 870 alia
903 785 1040 899 quavis¹
1073 785 1325 875 inclinatione
1348 811 1428 876 rec·

128 929 176 990 tce
187 911 345 990 fferram
359 909 398 986 ἃ
413 904 620 986 Saturnum
635 899 903 1012 conjungentis
927 900 983 984 ad
999 901 1129 986 circuli
1146 903 1318 1016 planum,
1339 905 1429 1014 (in.

128 1017 324 1104 venienda
341 1045 389 1100 ex
413 1015 591 1098 distantia
609 1015 706 1100 Loci
723 1015 878 1098 Saturni
892 1015 1144 1100 Geocentrici
1160 1017 1210 1100 ab
1223 1020 1303 1122 ejus
1316 1019 1436 1104 Loco

128 1131 394 1216 Geocenttico
410 1129 478 1212 ubi
500 1129 650 1213 Annuli
667 1129 823 1240 planum
848 1126 1079 1240 productum
1107 1129 1147 1212 in
1162 1135 1320 1216 Terram
1337 1131 1431 1222 inci.

129 1245 203 1342 dit,
214 1271 290 1356 ope
297 1243 455 1328 Tabulae
472 1241 758 1328 Declinarlonis
775 1247 1005 1354 punctorum
1019 1243 1226 1356 Eclipticae‚
1245 1271 1287 1330 ut
1302 1241 1434 1360 supra).

129 1359 253 1462 major
268 1360 348 1460 eius
378 1359 460 1440 axis
488 1357 560 1440 erit
577 1355 628 1438 ad
656 1358 846 1440 minorem
865 1352 959 1440 ficut
984 1355 1112 1442 radius
1132 1357 1183 1440 ad
1209 1355 1329 1442 smum
1351 1388 1433 1445 rec.

131 1495 215 1558 tum
231 1471 362 1582 anguli
393 1468 517 1554 modo
542 1469 724 1565 inventi,
754 1495 837 1581 quo
855 1469 1003 1553 Oculus
1028 1465 1136 1582 supra
1162 1470 1319 1581 planum
1350 1476 1435 1560 An.

130 1586 214 1669 nuli
237 1586 425 1668 elevatur.
485 1581 623 1692 Atque
644 1583 703 1665 hae
721 1577 807 1665 sunt
836 1583 1030 1694 precipua
1065 1583 1215 1666 Annuli
1243 1581 1378 1672 Phases
1410 1587 1436 1672 ὲ

129 1697 289 1806 Tellure
322 1693 434 1796 visat,
474 1701 514 1778 δι
552 1693 593 1776 hi
625 1695 735 1780 modi
759 1695 844 1780 illas
864 1693 1087 1780 definiendi.
1116 1699 1234 1806 QE.
1253 1701 1297 1780 F..

192 1805 367 1916 Ejusdem
403 1811 521 1895 etiam
556 1803 693 1920 speciei
719 1808 774 1892 cst
801 1807 949 1920 Ellipsts
983 1835 1069 1921 quae
1095 1808 1320 1897 interiorem
1354 1811 1439 1900 An.v

132 1928 219 2016 nuli
258 1926 443 2009 circulum
480 1919 620 2022 refert,
660 1924 807 2034 quippe
836 1921 877 2002 in
916 1922 1059 2008 eodem
1100 1923 1220 2035 plano
1248 1951 1336 2008 cum
1368 1954 1439 2010 cx*

133 2040 304 2128 teriote:
343 2039 501 2146 Verum·
523 2035 671 2150 Ellipsrs
705 2035 787 2118 haec
815 2061 897 2116 non
933 2034 987 2118 est
1020 2034 1161 2142 eadent
1191 2063 1279 2121 cum
1312 2039 1442 2152 perfo-

132 2179 219 2241 rata
254 2153 404 2264 figurat
437 2151 588 2236 Amuli
625 2150 735 2234 eninr
769 2146 945 2232 crassities
983 2146 1074 2232 huic
1108 2148 1248 2236 ubilat.
1306 2151 1442 2262 Perfo-

133 2293 228 2356 ratae
262 2267 372 2369 hujus
397 2261 526 2382 figurae
566 2263 732 2368 citerior.
751 2255 898 2346 semissis
928 2257 1067 2348 eadem
1097 2264 1151 2350 est
1173 2291 1262 2349 curn
1286 2267 1448 2379 praedic.

132 2408 187 2468 tae
229 2376 415 2493 Ellipleos
446 2401 584 2492 parter
605 2374 785 2464 'ulterior
816 2401 915 2462 veto
948 2375 1002 2460 cst
1043 2377 1204 2489 aqualia
1241 2376 1452 2493 limilisque

133 2490 288 2606 Ellipsts
325 2517 412 2603 pars
454 2479 525 2601 axi·
551 2493 675 2606 paulo
699 2485 865 2608 propius
907 2487 1099 2594 admota,
1149 2517 1195 2578 ut
1235 2519 1290 2580 ex·
1321 2493 1453 2608 figura-

133 2615 258 2724 Ptop.
291 2629 488 2693 varrt.
516 2629 640 2724 patet.
753 2626 756 2649 ¹

520 2753 1008 2888 ·Scuoutum
1063 2781 1075 2850 ἵ

198 2947 272 3044 'Au
298 2945 467 3034 eundem
499 2941 664 3030 modurn
691 2973 741 3030 ex
772 2939 895 3058 figura
932 2935 1006 3030 viar
1042 2941 1122 3029 five
1151 2932 1290 3032 sttuite
1328 2948 1456 3036 §atel--

135 3065 225 3154 litis
261 3064 363 3146 circa
395 3059 503 3145 suum
529 3059 755 3144 Primarium
787 3057 812 3142 ὲ
842 3056 937 3142 Sole
964 3053 1076 3155 visae,
1095 3086 1185 3170 pet
1199 3063 1320 3171 trop,
1336 3085 1455 3175 praeca

134 3176 430 3271 determinata,
461 3169 784 3265 determinabitur
815 3167 983 3278 ejusdem
1016 3171 1137 3284 figura
1157 3173 1192 3256 ‘e
1220 3176 1377 3261 Tellure
1401 3173 1460 3261 adi

133 3299 319 3402 Tempus
343 3284 585 3400 propositum
615 3281 708 3370 visa.
767 3287 880 3369 Patet
909 3287 1013 3370 enirn
1042 3283 1258 3370 satellitem
1275 3291 1462 3400 Telluris*

135 3406 285 3494 incolae
314 3401 438 3485 videri
467 3403 626 3500 Rectam
671 3392 928 3508 descripfiffe,
972 3423 1061 3482 cum
1092 3394 1225 3496 Tellits
1258 3398 1299 3484 in
1337 3399 1459 3485 Orbi·

135 3547 189 3608 tae
235 3515 420 3602 Satellitis
442 3515 570 3640 plano
596 3515 807 3624 reperitur,
830 3510 944 3614 licet
982 3511 1054 3596 Sol
1085 3535 1165 3596 tum
1193 3515 1379 3625 temporis
1413 3517 1461 3600 in:

140 3632 287 3722 eadem
336 3655 419 3718 non
466 3621 664 3714 versetutr
705 3630 746 3710 &
783 3621 941 3735 Ellipstn
974 3629 1132 3736 (quarn
1148 3627 1201 3710 ‘in
1234 3627 1343 3712 omni
1376 3630 1464 3714 alio

142 3743 237 3838 casu
267 3741 385 3829 refert
416 3743 435 3852 )
480 3741 531 3822 ad
553 3737 758 3822 „circultnn
780 3738 960 3824 maxime
994 3739 1210 3839 accedere,
1247 3769 1336 3825 cum
1359 3749 1465 3828 tecla

141 3865 311 3949 Terram
344 3861 385 3938 &
416 3853 641 3938 Primarium
667 3852 907 3962 conjungens
943 3849 1100 3935 minime
1133 3853 1295 3964 obliqua
1322 3857 1376 3938 est
1407 3855 1467 3940 adi

142 3976 313 4090 planum
346 3967 493 4054 Orbita
513 3962 696 4050 Sat'ellitis
717 4021 732 4063 ,
778 3963 870 4046 licet
902 3967 1004 4050 recta
1019 3962 1045 4048 a
1063 3964 1156 4049 Sole
1171 3967 1220 4052 ad
1238 3969 1464 4054 Primarium

143 4087 203 4174 ad
246 4083 351 4168 idei'n
387 4082 545 4194 planum
579 4101 661 4161 tum
696 4077 883 4187 temporis
908 4103 990 4162 non
1016 4074 1061 4159 stt
1091 4080 1248 4164 minime
1283 4082 1366 4165 obli
1395 4109 1467 4178 ‚aa

144 4207 203 4289 Et
240 4190 585 4292 &conversemur
620 4189 805 4274 dictarum
846 4191 1025 4274 Phafium·
1054 4187 1331 4281 observatione
1368 4109 1463 4279 ggii·-

145 4317 287 4401 nietut
315 4309 403 4394 ficus
434 4308 559 4392 Linea
592 4303 829 4402 Nodoturn,
869 4304 1141 4389 &Inclinatio
1177 4307 1281 4420 plani
1317 4311 1464 4396 Orbita

145 4422 345 4558 Satellitis
373 4421 424 4506 ad
454 4423 613 4536 planum
646 4416 795 4502 Orbitae
826 4445 944 4530 quam
970 4417 1172 4504 Primatitu
1201 4421 1302 4507 circa
1330 4424 1471 4509 Solent

144 4537 371 4750 desic’roitltti,
402 4647 539 4736 eadem
568 4641 775 4736 cerasum
802 4645 854 4732 ele
873 4670 1106 4842 Yapparente
1139 4641 1272 4736 semita
1303 4653 1470 4852 Machala

940 4779 965 4864 3
1420 4795 1473 4852 vc
