4376 5694
271 631 313 705 U
338 614 735 704 GEOMETRICAE
767 627 1112 705 ELEMENTA.
1148 631 1249 708 er'.
1287 630 1360 710 W.
1438 657 1506 732 513

3 825 5 832 ,
112 779 119 804 ··
201 753 359 890 libuerit
388 752 502 838 facile
535 777 756 870 repetetur,
790 761 831 840 &
863 757 1038 869 Syzygiae
1080 783 1284 875 quotquot
1324 759 1422 844 libet
1455 759 1512 842 in·

203 894 417 954 vementur.

425 1057 960 1148 PROPOSITIO
1048 1063 1264 1146 XXXI.

1515 1213 1540 1258 ο

209 1245 361 1362 Tempus
381 1249 474 1329 uero
500 1244 771 1356 Conjrmiiionis
801 1273 869 1330 aur
898 1245 1140 1358 Oppostrionis
1166 1247 1265 1330 Solis
1288 1251 1334 1343 <i-
1371 1249 1516 1337 Luna,

260 1369 428 1475 proxime
455 1359 701 1476 insequentis,
736 1361 791 1444 ια’
819 1362 948 1444 datum
978 1360 1131 1474 Tempus
1162 1363 1422 1449 determinare.

310 1556 521 1659 Onjunetio
553 1577 646 1634 vera
674 1553 776 1636 Solis
812 1559 852 1638 δι
877 1557 994 1668 Lunae
1038 1555 1233 1666 contingit
1265 1583 1354 1646 cum
1390 1560 1521 1640 Locus

333 1671 436 1752 Solis
475 1693 592 1751 verus
627 1667 732 1750 idem
772 1669 826 1750 est
862 1697 951 1752 cum
985 1669 1101 1750 Lunae
1132 1697 1230 1753 vero
1264 1673 1304 1750 δι
1346 1674 1521 1753 correuo

212 1783 265 1869 od
292 1783 518 1893 Eciipticam
540 1778 700 1867 reduuo
720 1810 731 1870 3
782 1779 990 1892 Oppofitio
1022 1807 1117 1864 vera
1149 1810 1237 1865 cum
1260 1782 1326 1864 ille
1344 1783 1432 1867 huic
1452 1810 1523 1892 op·

215 1897 387 2014 ponitur.
446 1898 617 1978 Invento
653 1893 766 2006 (pet
785 1899 935 2008 praec.)
966 1900 1163 2006 Tempore
1193 1897 1367 2008 Syzygiae
1389 1896 1523 1978 mediae

217 2011 393 2126 proxime
417 2003 678 2120 insequentis,
707 2007 847 2120 (quod
872 2007 1097 2092 exaiiifftme
1121 2007 1377 2094 determinare
1400 2003 1525 2094 neces·

143 2195 146 2200 .
218 2124 354 2211 sarium
376 2131 457 2206 non
492 2122 574 2224 est,
615 2150 705 2204 cum
734 2121 833 2204 illud
867 2145 1163 2234 praeterpropter
1193 2125 1392 2232 cognitum
1430 2117 1526 2206 tuffi-

221 2237 359 2347 ciat,)
406 2259 625 2350 querantur
655 2234 673 2343 (
699 2239 1078 2346 perProp.xv111.
1114 2236 1297 2320 [sunt.
1336 2241 1374 2320 δι
1407 2241 1525 2351 Prop.

223 2374 430 2436 xxv111.
462 2347 548 2431 Lib.
576 2349 679 2455 tv.)
705 2349 808 2432 Solis
838 2353 878 2430 δι
903 2352 1020 2433 Lunae
1060 2352 1169 2432 Loca
1197 2345 1290 2434 vere
1323 2377 1527 2462 congrua,

221 2493 309 2580 que
340 2462 367 2547 st
399 2461 653 2548 coinciderint
681 2487 749 2546 aut
781 2463 960 2574 opposrtu
991 2461 1164 2558 fuerint,
1207 2465 1374 2575 Syzygia
1400 2464 1529 2549 media

222 2585 265 2666 δι
292 2601 385 2662 veta
402 2573 652 2664 coinciduntr
677 2573 732 2658 srn
756 2571 884 2673 secus,
908 2601 1067 2660 notetur
1083 2579 1272 2658 Distantia
1295 2579 1411 2661 Lunae
1429 2575 1531 2662 580-

225 2695 291 2793 ie,
317 2687 394 2805 qui
404 2717 552 2800 nempe
583 2690 692 2772 Luna
719 2691 852 2775 Solem
869 2685 998 2794 ejusve
1026 2687 1248 2800 oppofitum
1268 2691 1332 2774 vei
1353 2691 1531 2804 nondum

226 2810 280 2900 est
309 2802 474 2891 affecuta
497 2801 564 2887 vel
595 2801 777 2886 haetenus
794 2805 988 2914 preteriit.
1050 2803 1116 2888 u‘d
1139 2803 1415 2888 inveniendum
1435 2833 1531 2890 vero

227 2919 388 3034 spatium
397 2917 622 3030 Temporis,
647 2947 731 3031 quo
754 2919 864 3001 Luna
888 2944 1020 3002 arcum
1036 2918 1139 3000 hunc
1154 2919 1217 3000 vel
1237 2945 1435 3030 percurret
1465 2915 1531 3001 vel

229 3039 411 3121 haetenus
429 3032 729 3145 percucurrisse
738 3031 950 3117 commode
965 3031 1178 3147 procedere
1190 3031 1294 3116 licet:
1306 3037 1535 3139 Queruntur

230 3148 333 3234 Solis
342 3151 535 3256 Lunaeque
543 3149 650 3232 Loca
661 3141 758 3231 hori
768 3171 859 3232 ante
873 3147 940 3231 vel
956 3148 1041 3260 post
1050 3149 1255 3257 Temporis
1281 3151 1464 3257 punitum
1483 3144 1534 3230 ad

235 3264 348 3378 quod
362 3261 765 3351 hauenushabenturs
793 3290 876 3374 quo
894 3267 1007 3375 padio
1021 3259 1264 3348 habebuntur
1280 3262 1382 3344 Solis
1402 3262 1535 3344 Lunae-
1686 3255 1694 3268 ’

218 3405 312 3493 ¹que
332 3380 465 3460 Motus
481 3373 623 3458 horarii
638 3377 856 3486 horumque
870 3375 1037 3484 proinde
1054 3373 1283 3474 differentia,
1302 3372 1380 3459 five
1393 3373 1539 3458 horari-

232 3521 277 3578 us
299 3493 434 3574 Motus
461 3489 578 3570 Lunae
608 3486 754 3571 irSole
789 3488 840 3572 ad
879 3489 1012 3574 datum
1036 3496 1233 3602 Tempust
1261 3487 1338 3570 hoc
1362 3489 1445 3584 est,
1472 3487 1539 3570 ha-

173 3657 179 3672 ·
221 3606 390 3691 .bebitur
416 3597 577 3711 spatium
604 3603 808 3712 Temporis
833 3608 1007 3716 (nempe
1028 3607 1170 3704 Hora)
1210 3597 1457 3686 necessarium
1495 3625 1539 3684 ut

237 3722 344 3806 Luna
375 3715 516 3800 >auore
556 3738 762 3798 moveatur
787 3741 877 3798 arcu
915 3717 1077 3824 cognito
1108 3715 1231 3798 modo
1259 3717 1436 3799 invento.
1475 3700 1541 3795 “Et

223 3836 385 3946 ·igitur3
423 3826 619 3940 suppofito
645 3827 758 3938 quod
784 3830 854 3910 Sol
879 3831 1065 3938 Lunaque
1090 3828 1329 3938 aequabiliter
1356 3852 1542 3910 movean-

223 3971 303 4032 tur
335 3943 490 4028 tantillo
515 3965 692 4053 tempore
722 3967 804 4050 quo
832 3942 997 4051 Syzygia
1030 3968 1122 4036 vera
1149 3935 1260 4052 poistt
1290 3937 1313 4024 u
1342 3939 1469 4024 media
1486 3937 1542 4022 di·

242 4061 370 4156 stare,
396 4055 601 4140 habebitur
632 4059 802 4164 Tempus
835 4051 1058 4165 requifitum
1090 4077 1132 4137 ut
1161 4057 1270 4138 Luna
1292 4051 1315 4137 i
1336 4055 1429 4138 Sole
1463 4081 1544 4136 mo

188 4171 193 4184 '
245 4198 381 4258 utatur
414 4197 506 4254 arcu
544 4165 669 4280 quoti
706 4169 799 4250 Sole
828 4167 940 4250 distat
963 4169 1159 4279 Tempore
1188 4169 1361 4278 Syzygiae
1394 4165 1543 4250 mediae.

246 4285 547 4395 Tempushoc,
590 4282 765 4364 additum
795 4281 982 4390 Tempoti
1007 4283 1181 4392 Syzygiae
1210 4281 1344 4366 mediae
1377 4279 1402 4364 fi
1438 4282 1546 4364 Luna

218 4393 379 4486 :solem
412 4393 538 4499 ejusve
558 4393 780 4508 oppositum
807 4395 982 4478 nondum
1006 4420 1088 4478 erat
1115 4391 1309 4492 assecuta,
1337 4421 1404 4480 aut
1421 4395 1548 4478 eidem

249 4507 506 4600 detmitumsr
538 4511 617 4592 huc
648 4510 756 4593 illum
787 4511 971 4596 haetenus
999 4511 1178 4622 preteriit
1194 4567 1209 4609 ,
1255 4509 1364 4596 dabit
1383 4519 1550 4620 Tempus

249 4626 421 4740 Syzygiae
456 4651 555 4710 vere
588 4622 798 4738 questum.
916 4713 920 4722 ,

983 4739 1066 4843 L3
1386 4708 1556 4846 ⁸Quod
