4336 5692
232 629 279 710 a
307 621 718 709 oronrrrrcn
745 626 1091 707 narrantur.
1114 627 1215 706 an.
1241 623 1310 704 ns.
1355 648 1428 724 59⁷
1482 731 1485 740 Δ
1650 569 1660 585 χ

137 761 260 852 utitur
279 768 437 851 viribus.
496 768 632 880 Atque
653 767 732 852 bac
750 763 835 855 lunt
863 770 1052 880 praecipua
1077 771 1334 886 phaenomena
1352 771 1437 856 An·

135 883 219 968 nuli
259 909 358 999 quo
374 884 558 968 Saturnus
600 881 822 994 cingitur&
850 883 945 968 Sole
977 879 1163 996 spellatir
1190 884 1254 970 hic
1291 883 1432 972 modus

133 997 203 1084 illa
233 993 529 1082 determinandi.
835 1002 840 1011 '
934 994 938 1000 ’

567 1165 1003 1302 ‘Senottum

193 1337 261 1420 Ob
294 1330 446 1422 easdem
484 1334 652 1420 tationes
682 1339 763 1420 Viae
804 1337 1023 1422 Satellitum
1065 1337 1166 1423 circa
1207 1297 1621 1455 Primarium⁷bfffrf¹¹⁸

91 1457 97 1468 '
130 1450 314 1566 quemvis
340 1449 630 1535 revolventium
650 1448 673 1534 ὲ
694 1450 787 1534 Sole
817 1445 1021 1562 speoatae,
1050 1478 1154 1534 nunc
1182 1457 1291 1534 restat
1319 1479 1435 1564 appa

67 1593 72 1600 ·
134 1588 223 1650 tent
246 1591 350 1674 nunc
373 1564 583 1675 Ellipticae:
616 1567 728 1646 reolae
760 1563 952 1671 quidem,
976 1591 1065 1648 cunr
1089 1566 1192 1648 linea
1221 1565 1435 1650 Nodorum

131 1679 317 1764 Satellitis
346 1678 532 1790 produlia
566 1677 606 1758 in
622 1676 756 1761 Solem
781 1676 944 1766 inciditr
979 1677 1142 1790 quando
1172 1678 1288 1762 etiam
1312 1678 1435 1762 Satel-

131 1793 191 1878 les
214 1795 237 1874 ὲ
260 1792 354 1874 Sole
385 1787 486 1874 visus
512 1793 678 1874 maxime
706 1791 913 1902 elongatus
948 1785 1067 1875 asuo
1102 1791 1286 1876 Prirnario
1316 1790 1434 1876 maxi.

131 1933 200 2000 me
221 1904 339 1990 etiam
361 1903 532 1986 declinat
556 1901 579 1986 i
611 1906 688 1990 Via
709 1903 880 1988 Primarii
908 1903 932 1986 ὲ
965 1905 1060 1988 Sole
1087 1899 1202 1999 vila,
1244 1931 1327 2015 quo
1347 1899 1434 1990 calu

130 2015 293 2131 Eclipsrs
314 2017 415 2100 istius
441 2017 664 2114 Satellitis,
697 2019 740 2100 in
772 2015 941 2100 Primarii
967 2016 1144 2100 umbram
1173 2017 1434 2116 incurrentis,

128 2133 315 2217 centralis
348 2131 422 2213 erit
450 2133 490 2212 δε
523 2129 688 2244 proinde
714 2135 731 2232 (
744 2130 890 2214 ceteris
915 2129 1109 2238 paribus)
1153 2133 1320 2215 maxime
1349 2131 1436 2216 diu·

129 2251 282 2340 tuma,
312 2247 354 2328 δι
385 2242 541 2326 Umbra
570 2241 781 2343 satellitis,
805 2241 1028 2328 inferiorem
1059 2242 1208 2330 Orbita
1230 2239 1302 2329 suat
1331 2240 1437 2328 semi·

128 2359 323 2445 circulum
363 2357 619 2469 percurrentis
651 2415 666 2456 ‚
709 2356 1008 2444 in0Primarium
1033 2357 1210 2443 incidens
1235 2386 1305 2472 per
1329 2353 1451 2446 Disci'

127 2469 358 2558 centrume
388 2469 482 2556 Sole
509 2465 630 2554 visum
658 2469 801 2555 tranfit.
857 2471 982 2555 Unde
1024 2471 1128 2556 Solis
1164 2477 1206 2555 δι
1253 2471 1437 2556 Satellitie

126 2587 434 2682 Phanomeua,
472 2583 709 2670 &Primatio
743 2579 822 2668 visa
856 2605 875 2681 3
918 2584 969 2668 ad
998 2578 1232 2696 superiorum
1259 2610 1438 2668 normam

126 2697 381 2786 definientur.
440 2699 559 2781 Extra
598 2699 702 2781 hunc
728 2696 839 2782 fitutn
868 2697 1052 2783 Satellitis
1082 2700 1159 2782 Via
1191 2697 1215 2783 ὲ
1239 2697 1333 2784 Sole
1357 2692 1438 2781 visa

126 2807 288 2925 Ellipsts
309 2810 540 2927 apparebit,
570 2811 767 2912 (circulus
794 2809 973 2892 nimirum
1001 2805 1171 2926 ⁴oblique
1203 2804 1438 2925 spellatus‘,)

125 2928 245 3032 cujus
276 2929 399 3030 major
423 2925 504 3010 axis
535 2926 589 3010 est
615 2922 655 3008 in
696 2923 866 3008 Primarii
892 2924 965 3009 Via
997 2913 1086 3008 viia.
1146 2923 1241 3008 Hatc'
1281 2919 1440 3010 brevio·

105 3069 221 3128 ¹rem
248 3039 443 3127 obtinebit
468 3065 581 3124 axem
611 3038 802 3123 minorem
834 3063 917 3151 quo
949 3041 1113 3152 propior
1151 3040 1205 3124 eli
1235 3036 1439 3132 Primarius

123 3157 216 3240 istis
251 3152 401 3266 putiolis
426 3152 494 3236 ubi
529 3153 636 3264 prior
666 3151 793 3237 Phalis
828 3151 1060 3265 contingit,
1096 3149 1322 3266 'longiorem
1353 3179 1438 3265 quo

122 3271 183 3356 ab
220 3265 297 3354 illis
324 3265 543 3354 remotiore
579 3266 761 3378 adeoque
794 3268 972 3351 omnium
1008 3264 1265 3377 longilsnnum
1310 3268 1440 3366 (hoc

97 3385 223 3480 .est‚
255 3377 336 3493 ipsa
360 3383 441 3466 hac
476 3377 669 3491 Ellipsrs.‚
715 3404 831 3489 quam
863 3379 1049 3464 Satellitir
1077 3379 1218 3464 Orbita
1245 3379 1440 3464 circularis

122 3493 298 3594 induit,
323 3497 398 3580 etit
421 3489 625 3595 latiffima)
651 3491 744 3578 dum
766 3492 966 3578 Primarius
1003 3493 1041 3576 in
1069 3493 1169 3578 locis
1195 3487 1439 3584 versaturin·

119 3634 192 3698 ter
229 3609 404 3721 praediola
434 3608 523 3694 loca
558 3604 729 3696 mediisr
780 3631 922 3716 nempe
951 3601 1040 3691 'cum
1070 3609 1171 3692 tella
1202 3607 1335 3692 Solem
1360 3607 1439 3690 Pti-

121 3725 382 3834 mariumque
416 3722 656 3830 conjungens
690 3721 744 3804 est
787 3717 839 3803 ad
881 3720 1064 3803 Satellitis
1105 3720 1252 3804 Orbita
1279 3723 1437 3832 planum

120 3837 299 3926 minime
325 3835 488 3949 obliqua
516 3890 531 3929 ,
569 3835 610 3916 iu
641 3859 723 3944 quo
750 3828 836 3916 casu
864 3831 1027 3916 Satelles
1052 3833 1091 3916 in
1128 3835 1294 3918 maxima
1319 3835 1438 3919 Elon.

115 3953 298 4069 gatione
327 3947 350 4034 ὲ
378 3944 447 4036 suo
475 3947 658 4030 Primario
688 3945 888 4030 videbitur
914 3945 955 4028 in
988 3946 1159 4030 Primatii
1194 3950 1267 4032 Via
1293 3947 1316 4032 ὲ
1340 3947 1435 4032 Sole
1602 4055 1607 4060 ‚

119 4062 216 4150 visa
260 4094 274 4153 t
322 4063 362 4146 in
390 4061 662 4168 conjunctione
698 4087 795 4144 vero
829 4085 918 4142 cum
960 4059 1144 4144 Primario
1175 4059 1199 4144 ai
1233 4060 1334 4146 diota
1360 4061 1436 4144 Via
1529 4091 1532 4100 ·

118 4178 309 4267 maxime
337 4181 376 4256 in
401 4179 499 4262 hanc
528 4173 593 4258 vel
615 4173 727 4258 illam
755 4196 903 4286 partem
935 4167 1141 4272 declinata
1183 4197 1299 4287 prout
1325 4170 1437 4260 insu-

116 4293 294 4414 periore
325 4285 389 4372 vel
409 4287 592 4374 inferiore
613 4287 760 4370 Orbita
779 4282 850 4370 suae
878 4281 1115 4371 semicirculo
1138 4285 1320 4372 versatur.
1347 4289 1436 4371 Un.

114 4411 176 4496 de
206 4401 378 4488 Satelles
425 4405 466 4485 in
505 4401 698 4510 lupetiote
737 4400 885 4485 Orbitae
923 4394 995 4484 suat
1030 4423 1139 4514 parte
1177 4400 1228 4487 ab
1270 4401 1434 4486 Umbtae

118 4517 315 4611 Primarii
347 4543 419 4602 axe
452 4514 663 4630 lougillime
689 4513 850 4610 aberit,
898 4518 939 4596 δι
974 4515 1014 4596 in
1045 4513 1228 4600 inferiore
1251 4515 1436 4603 Satellius
1509 4545 1512 4552 ⁴

118 4633 300 4726 Umbra
326 4633 350 4716 a
379 4654 513 4720 centro
547 4624 652 4718 Disci
679 4629 847 4714 Primatii
864 4620 918 4716 l'ui
942 4626 966 4709 ὲ
990 4629 1083 4734 Sole
1108 4628 1176 4714 vili
1211 4655 1329 4740 quam
1360 4653 1437 4716 mo·

255 4741 415 4859 Gregori
437 4743 534 4854 Asta.
565 4738 664 4859 Taua
689 4743 743 4846 112
963 4743 1002 4826 Y
1340 4742 1443 4826 xime
