4376 5694
253 641 300 717 θ’
347 635 737 719 cromnam
779 642 1116 727 caluam.
1155 653 1240 727 er.
1273 657 1341 738 IV.
1417 683 1483 759 575

171 777 286 876 nat,
319 777 520 864 obscurata
548 782 759 892 reperiatur
777 785 887 873 Luna
919 787 1003 872 haec
1030 790 1246 892 Saturnia,
1290 794 1329 876 in
1358 797 1483 883 altero

176 917 382 1003 nunquam
413 921 426 981 t
469 895 713 986 manifestum
748 898 802 982 est
830 899 1016 986 indicium
1042 904 1206 990 eandem
1230 909 1345 990 Lunae
1382 909 1483 1010 istiup

176 1007 330 1089 Faciem
353 1000 504 1116 semper
533 1009 739 1094 Saturnum
769 1007 978 1124 respicere,
1016 1019 1203 1126 quoniam
1230 1050 1278 1114 ex
1308 1048 1360 1105 eo
1386 1022 1484 1122 illud
1525 1011 1528 1018 ¹

183 1117 412 1230 contingere
431 1118 581 1204 necelle
609 1125 702 1219 est,
729 1149 774 1206 ut
804 1126 927 1211 cuivis
952 1155 1073 1244 patet.
1136 1133 1235 1238 Qus
1261 1138 1339 1241 jam
1376 1136 1484 1220 'dubi

169 1254 274 1328 tet,
321 1257 410 1318 tum
446 1235 487 1314 δι
513 1233 617 1320 illius
636 1236 827 1330 ¹omnium
859 1241 1110 1326 remotilsrmae
1134 1249 1174 1328 δι
1200 1251 1333 1346 nostrae
1365 1253 1481 1340 Lunae

169 1345 302 1428 Facies
324 1341 473 1458 semper
509 1348 648 1432 eadem
677 1351 862 1440 Prima-rio
887 1351 955 1453 suo
973 1355 1204 1456 obvertatur
1218 1361 1239 1457 ‚'
1261 1363 1357 1471 quin
1375 1361 1480 1445 idem

168 1457 213 1542 in
253 1460 518 1570 caeterisquae
567 1464 667 1548 circa
698 1465 842 1573 Jovem
891 1496 938 1552 ac
975 1471 1181 1577 Saturnum
1222 1470 1481 1576 revolvuntur

165 1573 289 1706 etiem
318 1569 540 1750 obpineatp
572 1576 666 1669 licet
697 1574 1012 1684 observationes.
1033 1582 1256 1683 manifestat*
1273 1585 1373 1690 illud
1393 1611 1478 1679 non

156 1709 354 1778 ‚evincunt
370 1748 387 1780 a·
505 1777 510 1786 ,
1242 1756 1247 1768 ·

209 2029 210 2032 Ὗ
480 1879 1156 2032 aecno’xu
1260 2021 1264 2028 r
1359 1905 1361 1912 *
1468 1879 1471 1886 ’

221 2067 310 2154 lla
352 2065 867 2156 Mreurruurua
905 2097 972 2158 ar
1017 2073 1414 2163 Daue-arara

594 2183 1083 2274 Srrrrrrru'u.··

195 2375 247 2464 nl
272 2377 538 2491 investiganda
562 2377 781 2466 Satellitum
824 2355 1092 2494 Magnituditae
1133 2350 1393 2500 supponemus
1429 2393 1471 2482 lc

226 2493 352 2587 illos,
375 2487 533 2577 suorum
552 2495 821 2580 primariorum
864 2507 880 2588 l
903 2498 1003 2588 circa
1034 2525 1136 2609 quos
1168 2501 1471 2610 revolvuntur)

152 2609 484 2718 reliquorumque
516 2634 744 2720 magnorum
779 2608 921 2692 Mundi
942 2636 1156 2723 corporum
1180 2612 1323 2709 instar,
1357 2607 1473 2724 [phre-
1542 2719 1546 2725 1

159 2723 283 2804 ticam
327 2719 346 2829 (
376 2747 424 2802 ex
447 2722 613 2830 partium
639 2722 843 2806 Gravitate
866 2718 996 2814 versus
1027 2749 1155 2807 totum
1184 2720 1356 2810 totiusve
1387 2749 1477 2826 cerr.

157 2834 296 2943 trum)
324 2831 374 2917 ab
396 2833 546 2932 initio,
572 2833 666 2917 dum
692 2863 828 2920 eorum
850 2836 1007 2924 materia
1032 2836 1149 2922 liuida
1180 2832 1271 2919 ellet
1290 2896 1303 2935 ‚
1325 2835 1469 2929 induis·

150 2945 196 3040 le
221 2951 410 3060 Figuram.
466 2952 562 3035 Hoc
588 2948 629 3030 in
666 2950 775 3038 Luna
805 2947 970 3042 {sellulis
1010 2951 1146 3036 nostrat
1200 2949 1377 3041 satellite
1416 2979 1470 3040 ex

149 3060 359 3146 menstruis
385 3060 596 3156 Pbasrbus,
634 3061 850 3176 'Eclipsrbus
873 3055 1036 3172 ¹aliisque
1067 3061 1249 3147 omnibus
1283 3091 1369 3174 quat
1404 3095 1469 3148 ex·

142 3175 324 3286 ,cogitati
357 3175 511 3285 poliunt
532 3175 769 3284 'argumentis
790 3173 946 3258 abunde
969 3201 1112 3288 patet,
1148 3201 1193 3286 ut
1231 3175 1334 3288 apud
1356 3179 1469 3289 ¹Pby.

39 3367 42 3375 ,
149 3287 240 3378 saca
265 3292 306 3369 δι
330 3288 588 3372 Astronomiae
622 3289 838 3400 Scriptores
865 3287 1002 3373 videre
1032 3288 1117 3372 esta
1166 3293 1257 3372 Hoc
1285 3291 1323 3372 in
1359 3293 1458 3390 aliis,

151 3401 273 3518 Jovis
296 3429 440 3514 nempe
469 3407 509 3484 δι
541 3403 692 3484 Saturni
709 3400 964 3499 Comitibus,
991 3401 1106 3484 eriam
1120 3427 1283 3512 apparet
1292 3431 1304 3492 ς
1335 3430 1469 3513 quam·

146 3511 317 3628 'cunque
340 3517 445 3600 enim
466 3515 617 3596 Faciem
633 3509 886 3603 Observatoti
902 3514 1084 3600 Tertellri
1111 3517 1326 3600 obvertunt
1356 3523 1373 3616 (
1393 3517 1466 3599 ob·

147 3655 329 3730 uertunt,
347 3656 444 3714 vero
470 3627 643 3738 omnes)
688 3623 806 3713 Disco
833 3627 1005 3712 circulari
1039 3653 1228 3740 perpetuo
1253 3625 1465 3730 videntur,

142 3743 272 3858 quod
295 3745 392 3828 nulli
428 3742 571 3853 Figurae
601 3765 737 3851 prater
770 3736 794 3823 l
813 3739 987 3834 baeticam
1024 3743 1252 3852 contingere
1282 3743 1422 3851 potest.

212 3861 323 3942 Licet
348 3858 592 3941 Planetatum
616 3855 753 3964 Figura
777 3771 955 3964 iplaaetica
984 3849 1066 3950 fit,
1114 3853 1139 3937 st
1168 3857 1360 3963 integrum
1398 3853 1465 3944 ali·

146 3997 279 4088 quem
301 3966 444 4084 spectes
470 3972 701 4065 Planetam,
729 3969 808 4051 hoc
833 3995 915 4053 non
939 3965 1103 4078 impedit
1139 3968 1235 4078 quin
1264 3967 1464 4078 inaequali-

143 4109 257 4174 tates
280 4086 417 4198 aliquae
442 4083 608 4193 (eatque
635 4138 649 4180 ,
689 4077 823 4164 ficum
845 4079 959 4173 rebus
994 4079 1131 4182 nostris
1164 4105 1462 4192 comparentur,

148 4195 245 4284 ntis
263 4225 415 4309 -magnoe
443 4208 462 4304 l
504 4197 546 4278 in
583 4195 740 4280 illorum
775 4188 1045 4305 superficiebus
1079 4193 1361 4303 reperiantur,
1412 4220 1462 4276 cx

138 4306 276 4399 caufis
319 4309 609 4420 particularibus
653 4333 779 4419 prope
814 4331 951 4392 totum
987 4301 1203 4417 superficies
1235 4307 1279 4389 in
1333 4329 1464 4420 parter

143 4431 228 4536 jam
257 4425 456 4516 induratas
470 4429 525 4508 ·&
552 4418 695 4514 solidas
718 4414 929 4516 vires-suas
952 4419 1201 4518 exerentibus
1228 4443 1323 4504 ortae
1341 4445 1464 4534 rqua-

138 4541 206 4626 les
231 4545 276 4624 &
304 4542 344 4623 in
373 4541 494 4624 Tetra
522 4535 655 4636 nostra
675 4538 918 4646 reperiuntur
939 4537 980 4618 δι
1010 4534 1050 4617 in
1083 4535 1230 4633 Luna,
1275 4527 1341 4619 sed
1374 4560 1461 4644 quae

143 4646 326 4764 ipsorum
351 4651 574 4736 Globotum
606 4646 774 4762 tespel‘iu
839 4675 882 4732 ro
916 4647 1032 4734 nullis
1066 4647 1207 4742 merito
1239 4647 1461 4743 habentur,

133 4791 372 4882 „eorumque
395 4762 629 4885 rotunditati
653 4789 741 4852 non
754 4791 790 4850 o
831 4761 947 4849 ciunt.
1148 4764 1232 4856 Ta
1417 4761 1462 4844 In
