4336 5692
190 617 250 712 a·
279 605 671 690 cernamur
708 609 1054 686 crannum.
1096 582 1195 688 ιιι(
1226 611 1297 692 rr·
1376 625 1444 720 595
1655 695 1658 701 ,

143 740 230 852 post
266 739 374 823 illum
408 730 644 846 respective,
671 734 690 843 )
733 762 910 820 neutram
943 735 1092 822 Annuli
1124 732 1263 846 faciem
1296 735 1422 824 videri
1431 777 1510 840 ‚raa
1522 781 1643 840 mm

142 853 264 958 idque
296 852 350 932 ob
385 847 582 960 duplicem
617 843 790 932 causam:
832 853 940 935 Nam
974 851 1131 962 primu,
1174 879 1262 934 cum
1300 853 1340 936 in
1368 855 1447 936 hoc
1487 859 1537 935 ng.
1559 873 1584 917 ¹·

141 957 227 1050 casu
262 961 409 1049 Anmrli
432 962 590 1075 planum
615 961 845 1073 produtlum
881 991 950 1075 per
976 963 1108 1048 Solem
1134 959 1327 1065 transeat,
1357 995 1451 1053 neu,
1528 1003 1534 1012 ·

142 1103 201 1164 tra
238 1079 316 1182 ejus
342 1071 460 1157 facies
491 1073 740 1162 illustrabitur
757 1135 778 1174 ‚,
815 1076 931 1172 Solis.
953 1077 1067 1190 radiis
1104 1099 1307 1191 utramque
1344 1081 1450 1165 strin-

140 1191 323 1303 gentibus
353 1185 743 1300 tantum‚,adeoque
770 1189 895 1272 videri
930 1191 1095 1303 nequit,
1130 1192 1277 1304 quippe
1314 1191 1450 1278 obscu-

140 1331 208 1391 123
241 1298 409 1398 deinde,
426 1330 514 1384 cum
529 1302 677 1384 Oculus
697 1303 812 1388 etiam
834 1304 874 1386 in
892 1305 986 1388 Sole
1003 1329 1202 1415 ponatur,
1229 1306 1305 1404 hoc
1323 1311 1448 1406 est,in

141 1417 267 1530 planis
293 1411 472 1497 videndis
496 1415 722 1524 proruatis,
763 1414 880 1500 facies
915 1417 990 1500 illae
1021 1417 1113 1501 licet
1146 1418 1334 1502 illuslratae
1365 1441 1449 1503 non

143 1530 381 1613 viderentur.
447 1525 571 1634 Qtod
605 1525 630 1609 sr
679 1528 830 1613 Annuli
872 1529 987 1614 Acies
1032 1529 1161 1611 radios
1205 1530 1358 1616 Solares
1405 1535 1448 1614 in

140 1627 418 1729 se'lncidentes
454 1639 706 1752 undiquaque
740 1643 984 1726 Planetarum
1012 1667 1122 1723 more
1146 1647 1377 1741 resumeret,
1404 1645 1446 1726 in

141 1756 213 1840 situ
244 1753 425 1868 predicio
466 1751 657 1838 exstarent
688 1755 896 1839 hincinde
933 1749 1104 1834 Brachia
1122 1742 1258 1834 ‘acida
1297 1756 1336 1838 in
1370 1783 1447 1846 rec·

140 1891 181 1954 ta
219 1869 278 1954 ad*
306 1863 534 1978 Eclipticam
569 1869 714 1979 angulo
756 1876 890 1971 23ass'.
941 1869 1154 1950 inclinata:
1205 1870 1311 1952 Cum
1347 1897 1448 1952 vero

138 1985 259 2086 Acies
285 1983 366 2084 haec
396 1979 525 2065 radios
557 2009 640 2063 non
671 1983 842 2066 remittat
876 1986 892 2082 <
920 2003 964 2063 ut
990 1985 1105 2090 Prop.
1130 2008 1241 2091 prae.
1268 1981 1445 2093 dietum)
1499 2089 1501 2092 Ι

136 2095 302 2180 Brachia
335 2120 414 2176 non
444 2093 686 2206 apparebunt
716 2097 816 2176 ultra
855 2093 1008 2178 Saturni
1048 2087 1205 2176 Discum
1236 2089 1447 2290 protffaa

135 2205 206 2292 sed
233 2205 312 2320 qui
348 2205 519 2289 lucidum
551 2209 707 2291 Saturni
737 2203 896 2290 Discum
934 2205 1093 2304 transit,
1134 2205 1326 2290 lineamc
1368 2207 1446 2293 ciet

133 2315 342 2430 qbscuram
375 2317 555 2433 praedicto
594 2319 719 2406 modo
754 2319 1008 2420 inclinatam,
1039 2348 1108 2432 per
1134 2317 1240 2404 Disci
1271 2347 1444 2406 centrum

133 2435 375 2520 traduslam:
409 2433 487 2532 ¹Sed
519 2439 558 2514 &
591 2435 694 2522 linea
718 2437 799 2520 haec
823 2429 985 2517 obscura
1015 2433 1133 2518 etiam
1165 2433 1260 2518 alias>
1287 2462 1444 2546 appare·

133 2549 228 2647 bit,
268 2575 371 2632 nunc
402 2541 511 2661 supra
544 2543 650 2629 Disci
687 2574 890 2647 centrum,
922 2572 1024 2630 nime
1058 2547 1156 2632 insta
1184 2547 1282 2633 illud
1317 2549 1444 2634 incur-

135 2687 263 2760 vata,
305 2686 422 2775 prout
453 2663 565 2753 Arici
597 2657 766 2745 obscurae
801 2662 891 2746 situs
917 2660 1099 2773 postulat.
1362 2739 1364 2743 .

199 2775 457 2870 Procedente,
485 2775 652 2858 Saturno
685 2773 736 2859 ab
774 2801 802 2857 a
832 2800 901 2888 per
933 2801 984 2871 u,
1027 2799 1053 2854 c
1088 2777 1164 2854 &u
1212 2771 1342 2860 versus
1383 2800 1405 2859 u
1421 2805 1441 2878 ,¹

135 2889 209 2974 vel
248 2891 298 2972 ab
338 2915 352 2971 1
389 2916 457 3001 per
495 2915 555 2989 rc,
586 2915 612 2969 L
640 2891 718 2970 διε.
764 2885 894 2972 versus
929 2915 957 2968 n
971 2941 985 2983 ‚
1025 2886 1208 2999 paulatim
1249 2889 1446 2974 attollitu't·

135 3003 213 3087 Sol
249 2999 357 3112 supra
390 3003 538 3085 Annuli
581 2999 752 3100 saciem,
789 3000 855 3084 vel
890 3000 990 3082 hanc
1038 2998 1104 3082 vel
1138 2997 1273 3096 illam,
1314 3001 1444 3087 donec
1487 3057 1511 3066 ν

133 3117 310 3202 Saturno
334 3114 384 3197 ad
415 3117 526 3198 uvel
558 3143 586 3197 u
623 3140 855 3227 pervento,
885 3113 1043 3226 planum
1064 3139 1133 3224 per
1160 3113 1292 3197 Solem
1325 3121 1365 3198 &
1381 3121 1445 3200 Sa·

137 3251 299 3316 turnum
327 3228 580 3328 traducum,
623 3227 674 3314 ad
713 3230 794 3311 Ecli
825 3229 908 3310 ticae
933 3226 1091 3338 planum
1122 3227 1324 3324 normale,
1359 3229 1446 3328 An-

136 3343 226 3427 nuli
266 3343 386 3452 plano
419 3343 536 3424 etiam
569 3343 759 3424 normale·
783 3259 926 3436 rilem,
968 3345 1007 3421 Sc
1035 3339 1104 3422 Sol
1136 3333 1245 3449 supra
1287 3341 1444 3452 planum

138 3445 295 3544 Aimuli
327 3455 476 3538 circiter
503 3473 554 3556 23
570 3461 630 3558 ξ’.
669 3455 874 3552 elevatura
907 3453 948 3533 in
976 3478 1059 3563 quo
1093 3446 1179 3534 casu
1210 3449 1331 3535 facies
1357 3453 1465 3536 An.

137 3572 226 3654 nuli
251 3569 343 3668 illa,
384 3594 501 3679 quam
536 3567 607 3650 Sol
638 3565 823 3666 illustrat,
871 3565 1047 3672 omnium
1090 3564 1255 3648 maxime
1288 3565 1445 3650 illustra·
1501 3673 1503 3676 Ι

137 3709 236 3779 tur,
283 3680 338 3766 ob
385 3680 580 3764 radiorum
625 3681 818 3763 Solarium
863 3673 1112 3760 incidentium
1150 3703 1232 3760 tum
1277 3681 1444 3762 maxime

137 3798 351 3881 directam:
374 3797 423 3878 Et
452 3793 599 3880 Annuli
631 3793 772 3875 limbus
804 3793 994 3875 circularis
1014 3792 1145 3872 Oculo
1163 3791 1201 3870 in
1219 3791 1312 3875 Sole
1325 3791 1443 3874 etiam

137 3909 356 4030 gonstituto
397 3935 447 4000 ex
462 4005 467 4013 ¹
485 3907 636 4019 Opticae
669 3905 820 4016 legibus
855 3902 1004 4015 Ellipfis
1040 3903 1281 4013 apparebit,
1337 3906 1443 4004 cujus

136 4027 268 4127 major
299 4022 380 4110 axis
420 4019 563 4130 duplus
607 4013 824 4129 sesquialter
865 4018 920 4100 esi
954 4017 1143 4114 minoris,
1185 4013 1278 4100 ficut
1312 4016 1439 4102 radius

134 4139 198 4226 est
231 4132 310 4220 sere
339 4133 480 4246 duplus
514 4125 731 4246 sesquialter
758 4127 858 4214 linis
887 4135 1014 4234 233¹.
1045 4133 1094 4212 Et
1123 4155 1263 4241 porro,
1302 4153 1438 4244 proce·-

133 4251 264 4337 dente
290 4249 456 4330 Saturno
487 4246 586 4356 aba
615 4273 685 4354 per
711 4270 755 4342 r,
787 4250 907 4354 urire.
924 4235 1128 4346 versura,
1147 4266 1214 4325 aut
1231 4243 1281 4326 ab
1298 4269 1328 4325 u
1365 4271 1436 4354 per

137 4393 205 4464 ο,
244 4365 366 4444 r&c.
395 4347 525 4442 versus
547 4385 603 4465 n,
645 4357 831 4470 paulatim
863 4357 1046 4438 minuitur
1070 4355 1174 4438 Solis
1203 4355 1373 4444 elevatio
1389 4350 1441 4440 su·
1548 4436 1552 4450 ,

74 4571 78 4586 Ι
136 4507 215 4594 pra
245 4471 384 4562 faciem
404 4472 661 4572 illustratam,
693 4470 820 4554 donec
849 4469 1007 4554 tandem
1037 4493 1211 4554 neutram
1239 4467 1373 4554 denuo
1399 4469 1444 4554 il·

136 4593 293 4690 lustret,
301 4583 368 4692 sed
380 4611 581 4697 utramque
598 4579 669 4671 suis
684 4585 797 4696 radiis
808 4583 975 4698 stringat.
1033 4583 1080 4667 In
1094 4581 1324 4670 intermedio
1343 4605 1443 4694 quo·
1564 4627 1576 4649 ·

465 4712 473 4722 .
1376 4695 1438 4779 vis
1551 4714 1556 4727 ι
