4376 5694
264 629 308 706 θ’
333 623 725 704 ΟΈΟΜΕΤΚῙΜ
756 625 1099 706 uiduarum.
1134 623 1233 703 itu.
1271 630 1354 708 114·
1422 641 1492 726 '557

181 777 252 838 tur
284 758 454 867 Tempus
488 781 569 864 quo
610 756 716 840 Luna
756 756 796 838 in
830 781 854 838 n
891 756 1079 842 videturs
1112 778 1214 862 ergo
1250 757 1492 868 &Tempus
1618 849 1657 870 ‚.

187 863 403 952 innotescet
433 894 515 977 quo
552 870 592 948 in
625 896 680 966 ιι,
713 869 779 952 ubi
816 870 950 954 Solem
985 869 1150 954 maxime
1181 869 1396 978 Spediatori
1427 870 1491 954 da'·
1508 841 1688 1005 {fflfn'

182 1004 247 1066 ro,
268 1005 305 1064 re
331 982 388 1076 it,
421 978 645 1094 reperietur.
701 986 821 1092 QE.
842 988 884 1065 F„

248 1009 330 1176 ridg
355 1099 526 1204 Tempus
574 1096 816 1194 inventum,
868 1121 952 1208 quo
991 1097 1101 1180 Luna
1142 1094 1187 1178 in
1223 1119 1254 1177 m
1291 1088 1493 1196 versatur,

184 1224 405 1316 quartantur
439 1235 503 1290 rur
520 1234 563 1288 us
604 1211 867 1295 Luminatium
883 1212 1031 1307 Loca,
1071 1232 1115 1292 ut
1143 1209 1275 1291 omnia
1300 1213 1401 1294 reue
1428 1241 1494 1322 pe·

183 1323 285 1408 ratio
320 1318 395 1408 esse
430 1322 604 1423 constet,
648 1323 713 1406 vel
748 1348 791 1406 ur
821 1324 982 1406 ulterior
1007 1322 1220 1408 Corredio
1249 1322 1493 1408 adhibeatur.

608 1493 1022 1575 Scuourun

227 1699 283 1780 “Iu
316 1695 424 1808 ptard
458 1695 702 1810 praecedente
726 1692 993 1811 'supposuimus
1027 1701 1142 1782 Lunae
1167 1698 1327 1782 Motum
1357 1695 1492 1784 'aiSole

182 1809 223 1892 in
258 1813 335 1896 Via
364 1803 443 1894 visa
468 1833 546 1892 nu
587 1805 661 1895 effe
689 1813 948 1924 aeqnahssem,
985 1813 1096 1923 quod
1126 1839 1208 1896 non
1243 1815 1296 1896 est
1335 1841 1490 1896 uerum:

180 1927 291 2008 Nam
320 1924 412 2013 licet
446 1927 582 2008 Motus
628 1925 744 2008 Lunae
768 1924 790 2008 ri
814 1929 909 2008 Sole
934 1928 973 2008 in
993 1927 1070 2008 Via
1096 1921 1159 2008 sua
1189 1951 1283 2006 vera
1319 1953 1392 2006 au
1431 1950 1492 2010 to·

104 2025 109 2040 ⁴
183 2061 229 2121 to
265 2035 420 2148 Eclipfis
454 2061 632 2148 tempore
679 2034 943 2124 insenfibiiirer
990 2037 1143 2122 diflerat
1183 2037 1233 2118 ab
1277 2029 1490 2148 aequabili,

180 2177 273 2236 cum
311 2175 441 2234 tamen
475 2151 517 2232 in
553 2155 667 2235 Moru
698 2155 780 2255 ejus
816 2153 857 2233 in
886 2152 963 2236 Via
994 2145 1074 2234 visa
1107 2175 1339 2262 apparenter
1386 2151 1489 2234 fado

180 2263 391 2348 Parailaxis
425 2286 553 2372 partes
589 2258 675 2374 duas
714 2287 836 2376 agat,
874 2270 961 2365 (ur
993 2267 1032 2346 in
1061 2263 1316 2348 Parallaxium
1340 2261 1490 2348 Defini-

171 2375 356 2460 tionibus
390 2379 505 2487 Prup.
527 2403 644 2462 xtv.
667 2378 753 2460 Lib..
776 2403 827 2460 11.
854 2378 1002 2462 traditis
1032 2373 1115 2462 fuse
1149 2377 1336 2460 osteuium
1367 2379 1488 2486 est,)

179 2488 277 2574 ideo
312 2487 356 2570 fit
394 2513 439 2572 ut
479 2490 528 2571 ab
567 2491 746 2602 aequabiii
781 2490 994 2576 admodum
1026 2487 1232 2598 discrepet.
1292 2489 1490 2602 Adeoque

180 2601 237 2688 ad
266 2600 630 2686 determinationem
660 2606 742 2688 Viae
770 2597 856 2686 visa
888 2631 913 2684 n
940 2632 968 2685 rc
1007 2600 1268 2688 assumendum
1312 2605 1365 2687 est
1394 2627 1491 2686 tem·

179 2741 255 2828 pus
292 2715 477 2825 posterius
514 2716 584 2801 illo
617 2742 699 2828 quo
733 2719 842 2799 Luna
875 2714 953 2800 fuit
997 2718 1035 2800 in
1080 2742 1133 2813 Δ,
1187 2715 1213 2798 fi
1248 2742 1279 2796 c
1322 2716 1366 2798 fit
1395 2719 1485 2827 post

176 2855 228 2918 ss
259 2828 427 2910 anterius
457 2831 555 2912 uero
570 2887 585 2927 ,
620 2829 647 2912 fi
684 2829 779 2912 cur
819 2831 1007 2913 antesin
1036 2825 1131 2912 serie
1159 2827 1405 2940 Signorum,
1443 2834 1484 2912 dc

177 2939 371 3054 quidem,
413 2968 600 3055 quantum
632 2945 848 3053 conjcdiare
875 2943 994 3041 licet,
1021 2941 1167 3054 aequale
1192 2941 1273 3024 fere
1292 2941 1349 3023 ilii
1373 2939 1486 3056 quod

178 3056 332 3140 Lunam
360 3053 582 3165 impendere
599 3079 760 3166 oportet
783 3079 827 3140 ut
858 3057 909 3138 ab
944 3087 968 3138 r
993 3055 1043 3138 ad
1062 3082 1092 3136 ιι
1118 3078 1352 3146 moveamus
1373 3053 1484 3168 quod

177 3166 471 3280 propemodum
507 3171 654 3280 aequale
695 3171 768 3252 erit
812 3168 848 3251 ei
899 3169 1009 3282 quod
1058 3168 1263 3280 requiritur
1291 3193 1339 3251 -ut
1377 3169 1486 3252 Luna

176 3283 309 3376 Motu¹
332 3275 400 3363 suo
432 3279 455 3364 i
484 3281 579 3364 Sole
613 3276 820 3368 secuudum
856 3284 1081 3396 Eclipticnm
1112 3303 1308 3392 percurrat
1342 3303 1482 3364 notum

173 3405 317 3486 arcum
350 3418 376 3475 c
401 3420 452 3482 ss
487 3388 573 3478 solo
604 3395 707 3478 enim
737 3397 853 3480 Motu
885 3393 1140 3508 apparendi
1171 3395 1359 3478 Patallaxi
1393 3416 1484 3508 orto

174 3503 382 3592 differunt.
656 3503 663 3510 ’
1366 3603 1373 3618 ,
1470 3587 1472 3594 ,

237 3621 281 3706 Si
322 3647 371 3703 ex
404 3647 422 3702 s
451 3619 501 3703 ad
539 3620 765 3731 Eclipticam
809 3621 998 3708 excitetur
1032 3618 1359 3734 perpendicularis
1389 3643 1486 3720 sv,·

176 3734 267 3820 Viae
298 3735 416 3817 Lunae
449 3728 536 3818 visae
564 3733 607 3818 in
650 3763 678 3814 v
716 3762 946 3832 occurrens,
987 3737 1061 3819 erit
1093 3765 1122 3816 v
1160 3741 1343 3850 punctum
1369 3733 1485 3847 quod

177 3851 303 3936 Lunae
336 3847 511 3931 centrum
538 3871 649 3930 tenet
682 3850 878 3961 Tempore
903 3849 1209 3952 Coniundiionis
1240 3847 1264 3932 i
1292 3853 1486 3960 spedato

176 3957 351 4048 revisa.
410 3960 637 4048 invenietur
661 3985 790 4044 aurem
824 3987 900 4046 nv
936 3961 1015 4049 fic:
1054 3963 1101 4044 In
1148 3963 1342 4074 triangulo
1376 3985 1485 4044 usu

177 4097 323 4190 praeter
348 4078 492 4158 tedium
520 4096 632 4156 usv
654 4074 795 4158 dantur
833 4076 932 4160 latus
965 4101 1029 4156 us
1059 4077 1287 4186 &angulus
1315 4099 1486 4184 usqua·

179 4212 398 4276 remotum
431 4187 504 4272 erit
528 4187 628 4270 latus
668 4209 778 4279 uv5
806 4193 846 4272 δι
878 4217 969 4289 cum
1000 4210 1116 4272 notus
1139 4192 1257 4274 etiam
1290 4190 1335 4271 fit
1374 4185 1485 4274 arc'us

178 4325 214 4385 N
248 4327 277 4382 Α
292 4355 306 4396 ,
346 4328 426 4384 non
459 4302 701 4414 ignorabitur
734 4329 763 4382 v
789 4330 844 4393 nt
881 4301 1053 4413 ideoque
1096 4324 1249 4414 tempus
1297 4299 1485 4410 adhunc
1526 4383 1542 4414 ‚

174 4412 486 4530 percurrendum
511 4409 757 4501 nereisarium
782 4415 980 4530 cognitum
1018 4416 1122 4512 erit,
1160 4411 1358 4530 ipsumque
1383 4407 1485 4498 adeo

173 4527 487 4628 conjunctionis
516 4522 600 4612 visae
627 4554 882 4616 momentum.
940 4531 1139 4642 Qtoniam
1168 4556 1265 4616 vero
1285 4531 1426 4643 puni'ra
1453 4553 1485 4608 tr

273 4637 433 4768 Gregori
463 4635 559 4750 Astt.
593 4637 693 4728 Tum.
722 4645 785 4730 Il.
1090 4643 1125 4727 R
1445 4642 1487 4721 δί
