4376 5694
732 621 800 718 nt
955 609 1921 695 asrnouorrrarrrrrrca·

560 741 722 884 ⁷⁴}XX'X'
736 754 1033 844 semidiametro
1058 754 1256 868 apparenti
1280 755 1396 838 Solis.
1449 753 1670 866 Erigitur,
1708 752 1808 838 datis
1845 752 1970 838 tribus
2001 777 2049 836 ex

614 839 684 902 Ἠ
741 869 843 959 hisce
872 895 1041 983 quatuor
1059 897 1140 951 non
1175 868 1313 953 latebit
1342 895 1529 982 quartus:
1574 898 1633 950 ex.
1645 897 1706 977 gr.
1735 870 1825 952 hinc
1851 867 1955 952 Solis
1984 871 2047 950 Pa·

741 991 934 1083 rellania,
979 989 1019 1066 δι
1055 982 1220 1094 proinde
1254 984 1497 1096 (perProp.
1539 1007 1674 1066 xuvr.
1714 985 1798 1066 Lib.
1826 998 1924 1084 11.)
1968 984 2047 1086 ejus

742 1090 953 1197 Distantia,
979 1100 1150 1182 aestimari
1187 1101 1368 1208 poterit:
1412 1099 1519 1180 Nam
1551 1097 1756 1181 Parallaxis
1790 1099 1907 1178 Lunae
1945 1097 2048 1180 hori·

742 1218 907 1303 zontalis
935 1219 977 1294 dt
1011 1214 1113 1296 Solis
1147 1212 1430 1296 Semidiametri
1460 1213 1714 1323 apparentis,
1761 1203 2043 1294 Observationc

739 1357 921 1416 notarum
948 1385 962 1423 ,
994 1325 1211 1410 differentia
1247 1322 1431 1410 subducta
1460 1323 1603 1410 anota
1638 1325 1741 1437 (per
1757 1323 1913 1436 Eclipfis
1931 1327 2044 1408 Lunae

740 1441 1103 1547 Observationem)
1147 1441 1309 1524 Umbrae
1337 1441 1539 1525 Terrestris
1567 1439 1617 1524 ad
1650 1463 1785 1522 notam
1813 1444 1926 1522 luna
1961 1433 2045 1520 Dil-

738 1561 901 1646 tantiam
924 1555 1221 1639 semidiametro
1255 1557 1455 1670 apparenti
1475 1555 1660 1667 relinquit
1687 1555 1789 1638 Solis
1818 1553 2043 1636 Parallaxin.

798 1669 911 1758 Atii
943 1669 1213 1769 orfitSol,
1264 1673 1501 1768 aoLuna‚
1541 1673 1582 1752 ἃ
1616 1693 1733 1752 nno
1777 1669 1908 1778 portio
1938 1661 2043 1754 Disci

726 1788 904 1876 Telluris
943 1784 1056 1892 (hoc
1089 1786 1169 1882 est,
1196 1783 1300 1896 plani
1331 1785 1480 1869 Circuli
1512 1785 1551 1866 in
1580 1789 1700 1869 Terra
1726 1783 1881 1864 maximi
1918 1777 2042 1882 ,·cui

736 1900 921 1990 normalis
943 1901 997 1981 est
1032 1901 1133 1980 reela
1156 1899 1259 1982 Solis
1291 1904 1331 1983 δι
1369 1907 1494 1984 Terrae
1520 1924 1652 1982 centra
1686 1899 1962 2008 conjungens)
2000 1895 2040 1978 in

736 2046 855 2132 quam
887 2014 1043 2097 Umbra
1087 2013 1226 2096 incidit
1259 2045 1270 2104 ς
1328 2013 1492 2098 Umbrae
1521 2013 1815 2115 Semidiameter
1849 2039 1897 2096 ex
1927 2015 2040 2102 Luna

725 2141 872 2217 'centro
906 2158 929 2211 a
957 2126 1111 2212 videtur
1141 2123 1208 2210 iub
1247 2129 1392 2240 angulo
1434 2151 1541 2212 eun
1578 2127 1717 2242 aequali
1745 2120 1896 2210 summae
1921 2125 2039 2211 Serni-

732 2247 1011 2331 diametrorum
1046 2243 1161 2326 Luna
1184 2269 1234 2326 ex
1261 2245 1365 2328 Solis
1388 2248 1428 2326 δι
1443 2249 1570 2328 Terrae
1596 2243 1735 2326 centris
1759 2243 2037 2354 apparentium,

732 2361 888 2444 minute
916 2354 1213 2441 semidiametro
1245 2356 1447 2471 apparenti
1474 2358 1577 2442 Solis
1604 2355 1787 2447 ‘ecentro
1815 2359 1933 2439 Lunae
1957 2353 2035 2440 vifi.

730 2476 783 2559 Et
815 2469 1029 2584 quoniam,
1059 2494 1219 2583 propter
1240 2467 1465 2556 immenlam
1494 2473 1724 2556 Distantiam
1747 2469 1846 2555 Solis
1869 2468 1893 2554 d
1919 2475 2036 2554 Terra

728 2583 901 2700 respedlu
926 2584 1124 2670 Distantiae
1155 2585 1257 2668 inter
1278 2589 1428 2670 Lunam
1461 2591 1501 2669 δι
1527 2590 1718 2684 Terram,
1759 2583 1860 2669 Solis
1879 2586 2036 2670 Dianae·

728 2727 788 2786 ter
819 2727 868 2788 ex
901 2703 1008 2782 Luna
1032 2700 1072 2781 in
1103 2697 1248 2785 eodem
1280 2703 1456 2813 proxime
1495 2701 1639 2816 angulo
1673 2699 1829 2785 videtur
1861 2713 1944 2812 qno
1987 2727 2034 2784 ert

727 2818 875 2909 Terra,
902 2817 942 2894 &
965 2815 1081 2896 Lunae
1105 2813 1400 2900 Semidiameter
1422 2841 1471 2898 ex
1494 2817 1588 2899 Sole
1618 2808 1694 2898 visa
1715 2842 1788 2926 pro
1813 2814 1918 2898 nulla
1941 2839 2033 2926 qua·

727 2926 830 3012 stest
855 2925 1067 3026 habenda,
1094 2927 1243 3040 quippe
1268 2922 1582 3043 sub-quadrupla
1610 2925 1691 3014 fere
1713 2928 1917 3013 Parallaxis
1930 2927 2032 3014 Solis
2172 2973 2173 3028 ;

724 3041 1008 3132 horizontalisr
1057 3041 1351 3126 Sernidiamcter
1375 3046 1538 3128 Umbrae
1568 3037 1684 3130 Lunae
1712 3044 1752 3126 in
1770 3039 1929 3128 Discum
1943 3044 2031 3127 Tel·
2172 3033 2173 3079 ³

724 3154 816 3238 luris
840 3178 1009 3265 exceptae
1041 3154 1198 3238 videtur
1227 3184 1278 3240 ex
1302 3182 1439 3244 centro
1466 3161 1583 3243 Lunae
1616 3155 1684 3242 sub
1712 3159 1857 3270 angulo
1893 3159 2029 3270 aequali

722 3265 805 3352 fere
835 3265 1059 3352 differentia
1087 3271 1350 3382 angulorum,
1374 3266 1442 3354 sub
1474 3273 1615 3385 quibus
1641 3273 1743 3358 Solis
1768 3277 1808 3355 δι
1830 3271 1946 3357 Lunae
1970 3275 2028 3358 Se

721 3383 952 3467 midiametri
979 3410 1029 3466 ex
1050 3386 1174 3466 Terrae
1199 3409 1336 3468 centro
1370 3411 1571 3498 apparent.

777 3499 965 3594 Verum,
1000 3495 1026 3580 st
1057 3497 1159 3582 Solis
1185 3499 1477 3585 Semidiameter
1512 3500 1534 3584 ὲ
1565 3506 1685 3586 Terra
1715 3495 1795 3586 visa
1831 3502 1955 3606 major
1983 3495 2028 3582 stt

669 3703 673 3712 ,
719 3608 1015 3696 semidiametro
1055 3615 1168 3702 luna
1194 3607 1361 3724 spellati
1390 3645 1438 3699 ex
1471 3615 1640 3700 eadem,
1677 3643 1865 3728 apparens
1908 3615 2026 3700 Semi·

718 3724 908 3810 diameter
947 3723 1106 3808 Umbrae
1140 3731 1264 3828 (cum
1286 3725 1328 3811 stt
1357 3732 1513 3843 aequalis
1544 3731 1683 3814 minori
1708 3732 1795 3841 poll
1828 3727 2025 3841 demptam

716 3834 939 3942 majorem)
974 3842 1156 3951 negativa
1181 3841 1349 3931 evaditr
1377 3844 1455 3924 hoc
1482 3844 1559 3943 est,
1600 3845 1686 3956 post
1717 3844 1960 3928 terminatam
1983 3839 2024 3924 fi.
2168 3839 2169 3858 ¹

713 3955 914 4062 tritamque
950 3955 1144 4034 Umbram
1180 3954 1219 4034 in
1270 3955 1379 4036 Coni
1409 3956 1521 4065 apice
1554 4015 1569 4056 ‚
1625 3958 1798 4042 circellus
1825 3957 1945 4041 faetus
1971 3984 2021 4039 ex

711 4059 879 4148 sedione
902 4065 1011 4146 Coni
1048 4123 1061 4158 ‚
1103 4061 1305 4148 Umbroso
1326 4068 1449 4150 Cono
1491 4070 1758 4156 advenirem
1791 4071 1933 4183 positi,
1973 4099 2020 4154 ex

710 4179 820 4263 Luna
844 4177 999 4258 videtur
1025 4173 1092 4258 sub
1115 4177 1260 4288 angulo
1285 4183 1422 4293 aquali
1451 4182 1676 4270 differentiae
1699 4187 1929 4296 angulorum
1942 4229 1959 4280 ·,
1978 4185 2017 4266 in

693 4291 850 4406 ¹quibus
873 4291 943 4373 Sol
969 4295 1009 4372 dc
1040 4293 1149 4374 [una
1176 4320 1224 4373 cx
1249 4297 1373 4380 Terrae
1410 4326 1545 4382 centro
1568 4325 1769 4412 apparent.
1824 4299 2016 4384 Circellus

707 4430 838 4489 autem
865 4405 926 4485 hic
964 4404 1109 4488 circelli
1142 4407 1326 4493 Umbroli
1347 4411 1477 4495 locum
1515 4438 1657 4496 tenet:
1706 4415 1758 4498 est
1790 4414 1892 4494 enim
1926 4411 2015 4493 toti·

584 4519 586 4522 ’
706 4544 751 4603 us
780 4517 911 4600 circuli
940 4518 1189 4627 penumbrosr
1207 4527 1372 4608 maxime
1403 4521 1610 4626 obscurus,
1636 4532 1676 4610 de
1708 4527 1909 4635 (Umbrae
1935 4527 2014 4636 ple·

704 4659 763 4718 nae
784 4633 933 4742 instar)
975 4635 1172 4748 aequaliter
1207 4632 1389 4727 obscurus
1417 4671 1431 4732 a
1481 4643 1586 4751 cujus
1610 4667 1751 4755 nempe
1780 4645 1921 4752 pundo
1944 4639 2013 4836 fila

1923 4779 1973 4866 gu
