4336 5692
201 599 277 712 -d
323 617 714 708 ntontrrrtae
755 619 1093 708 arantum.
1130 629 1218 706 tn.
1247 629 1318 713 ιν.
1388 579 1465 720 nr
1611 713 1614 722 .

144 764 239 858 omli
265 767 411 856 iniinici
433 765 541 853 'forte
569 793 709 861 eruntt
741 795 826 884 quo
848 775 962 884 pado
993 799 1080 887 quar
1099 770 1277 858 omniunt
1306 767 1457 861 seculo·

143 909 232 969 rum
262 877 442 995 suffragio
472 885 515 966 dr
543 885 741 968 communi
765 883 951 974 consensu
983 882 1170 1000 consequi
1203 882 1459 974 observantur

148 998 411 1088 Cometatum
436 997 720 1108 apparitionem
747 1001 948 1116 (queque
969 999 1095 1086 statim
1122 1025 1196 1114 pro
1227 997 1327 1084 falsts
1344 1007 1384 1088 δι
1410 1003 1458 1086 ri.

47 1215 51 1226 ¹
144 1107 291 1196 diculir
314 1107 461 1202 habere
483 1107 758 1226 Philosophos,
773 1113 932 1204 minime
964 1115 1115 1223 decet)
1140 1115 1455 1231 contingerepo-

144 1243 296 1326 munt.

462 1357 1051 1486 Corouutntun
1111 1417 1151 1502 p

202 1563 350 1654 Cauda
376 1563 399 1650 i
425 1551 601 1653 Cometa
629 1561 786 1678 ejusque
815 1561 1083 1677 Armosphaera
1113 1539 1279 1678 ittgirmt
1300 1565 1460 1680 vaporis

138 1680 298 1780 instar,
339 1681 380 1764 in
406 1679 529 1766 altum
561 1676 793 1791 affnrgenr,
832 1679 911 1764 hoc
937 1679 1022 1778 est,
1061 1683 1102 1763 in
1142 1678 1327 1792 paneri
1364 1680 1460 1764 Sole
1604 1681 1606 1688 ’

136 1789 302 1880 aversas
317 1849 332 1894 ,
373 1793 412 1876 in
439 1795 561 1928 plano
586 1795 706 1878 Orbis
731 1794 915 1878 Cometae
950 1793 1123 1906 (nempe
1144 1793 1358 1905 petiolum
1376 1795 1460 1877 Co·
1501 1801 1507 1813 '
1612 1849 1616 1856 -

141 1931 340 2020 metaque
358 1899 530 1992 semttam
548 1906 757 2017 tradudio)
781 1903 956 1990 manebit
980 1936 990 1984 t
1027 1905 1176 2018 quippe
1197 1905 1302 1988 nulla
1325 1907 1380 1990 est
1400 1931 1459 1990 ra·

145 2023 207 2107 tio
235 2047 304 2108 cut
337 2021 379 2105 in
402 2021 562 2106 AEtltere
581 2024 719 2138 quieto
740 2017 792 2108 ad
832 2018 934 2105 hanc
955 2018 1088 2132 potius
1125 2043 1243 2132 quant
1275 2019 1327 2103 ad
1352 2017 1460 2104 illam

143 2157 307 2248 partem
327 2131 571 2221 deturbetur.
1184 2173 1188 2180 ·
1411 2237 1417 2244 ι

203 2249 364 2348 Porro,
392 2274 481 2334 cum
504 2245 682 2362 vapori
712 2247 858 2364 Capite
893 2243 1030 2332 exient
1062 2245 1165 2335 duot
1204 2271 1338 2334 motus
1366 2271 1463 2332 con·v

140 2363 285 2474 jungat
317 2366 358 2446 dt
380 2362 514 2476 pollet
536 2362 742 2450 continuet
770 2420 787 2463 ,
822 2347 1182 2448 alternn'tscenffls
1206 2363 1298 2448 rem
1324 2359 1457 2447 iSole
1605 2400 1609 2407 ·

140 2503 234 2561 non
272 2473 526 2590 longinquo,
551 2478 714 2563 alterum
745 2471 962 2592 promellilr
995 2475 1187 2588 Capitirt
1227 2473 1296 2560 fier
1311 2475 1456 2560 Cruda

141 2615 234 2676 non
264 2585 410 2675 dlrerie
434 2588 458 2672 i
483 2590 577 2676 Sole
594 2583 780 2689 aversa,
817 2543 883 2674 fed
907 2588 1191 2702 aliquantulum
1221 2587 1313 2674 inde
1338 2587 1456 2673 decli·

138 2727 250 2788 nans
278 2701 331 2786 ad
358 2725 488 2815 partes
523 2701 548 2787 i
587 2704 763 2790 Cometa
805 2703 993 2792 relictas,-
1047 2702 1171 2788 itnmo
1196 2699 1340 2788 Caudi
1371 2725 1454 2786 non

140 2818 222 2903 erit
252 2815 355 2902 tedia
379 2809 444 2901 sed
477 2815 718 2914 incurvata,
758 2812 888 2903 versus
921 2840 1070 2930 partem
1095 2815 1329 2903 anteriorem
1362 2839 1456 2902 con·

140 2936 282 3030 tretia,
307 2922 435 3014 versus
456 2930 619 3018 alteram
636 2955 751 3018 cava.
776 2987 779 2992 ·
809 2931 861 3017 Et
887 2929 980 3016 licet
1004 2955 1131 3044 vapor
1151 2926 1344 3044 assurgens
1370 2957 1455 3014 nto·

138 3063 234 3129 tunt
260 3043 413 3174 Capitis
448 3047 686 3157 participet,
721 3068 850 3132 tamen
875 3068 1037 3159 propter
1067 3044 1277 3159 aliqualem
1303 3045 1454 3130 aethern

141 3154 398 3243 reststcnttam
426 3185 507 3241 non
543 3182 624 3244 tant
659 3157 853 3244 velociter
881 3156 1151 3271 progredietur
1181 3183 1301 3271 atque
1332 3153 1455 3271 ipsunt

138 3272 303 3384 Caput.
362 3267 498 3384 Atque
523 3299 606 3384 quo
641 3273 755 3358 altius
779 3269 933 3385 allutgit
970 3296 1098 3385 vapor
1118 3271 1300 3356 Caudant
1322 3274 1455 3356 consti·

140 3409 267 3471 tuens
290 3377 465 3497 indeque
485 3387 607 3470 rarior
629 3385 704 3484 fit,
727 3387 807 3469 hoc
826 3385 881 3470 est
892 3440 909 3483 ,
935 3412 1020 3498 quo
1050 3385 1204 3496 longior
1224 3386 1280 3468 rst
1298 3383 1455 3484 Cruda,

142 3527 198 3586 eo
236 3497 429 3603 majorem
448 3499 621 3610 patietur
651 3498 803 3587 aetheris
838 3496 1116 3588 restllentiamt
1164 3494 1270 3582 unde
1304 3495 1456 3583 Caudtt

142 3609 378 3729 prat-cedens
391 3610 525 3712 latus,
548 3611 628 3696 stve
645 3605 774 3698 versut
793 3631 921 3722 partes
943 3611 995 3696 ad
1005 3625 1102 3726 quas
1127 3611 1300 3695 Cometa
1311 3610 1456 3711 tendit,

142 3749 378 3812 convexum
402 3727 507 3823 etit.
533 3717 697 3837 sequens
732 3750 831 3809 vero
866 3747 1006 3810 cavum
1035 3777 1048 3814 ‚
1091 3718 1249 3836 ipsaque
1288 3723 1456 3836 proinde

141 3839 337 3927 Comettt
358 3837 501 3928 Cauda
526 3864 609 3924 nott
640 3835 763 3924 triti
808 3837 903 3922 Sole
929 3833 1079 3951 praecise
1108 3833 1284 3934 aversa,
1334 3839 1456 3926 immo

143 3979 226 4041 nec
259 3948 406 4038 diredta
437 3947 502 4037 sed
534 3952 748 4038 incurvata.
805 3953 857 4035 Et
881 3950 962 4036 ltaec
995 3947 1142 4034 isolir
1173 3947 1362 4064 oppoliro
1390 3949 1457 4035 dr·

142 4065 280 4152 viatio
313 4070 354 4150 δι
389 4086 593 4152 curvatura
620 4088 733 4150 tanto
761 4063 890 4148 minor
924 4063 979 4149 est
1011 4086 1163 4176 quanto
1189 4067 1293 4148 retia
1320 4065 1456 4150 Solent

142 4185 189 4268 dt
219 4179 441 4268 cornetan
472 4180 713 4291 conjungens
735 4175 937 4291 obliquior
976 4176 1108 4261 estad
1136 4176 1317 4262 Cometa
1349 4173 1457 4261 semi·

143 4319 272 4410 τωρ
321 4294 429 4380 Nam
454 4291 482 4380 st
505 4295 679 4380 Cometa
711 4292 855 4378 dittlle
880 4287 1016 4377 iSole
1045 4289 1109 4374 vel
1138 4290 1190 4374 ad
1220 4291 1356 4378 Solem
1374 4315 1458 4377 ten·

141 4411 300 4504 deret,
340 4406 480 4494 Cauda
502 4405 605 4492 foret
627 4403 650 4490 i
674 4403 769 4492 Sole
798 4402 941 4491 direiie
975 4401 1106 4492 aversa
1133 4407 1174 4486 dt
1203 4397 1283 4518 ipsa
1312 4408 1457 4496 telina

143 4523 262 4616 unde
295 4516 443 4633 inipso
469 4519 662 4606 Perihelio
698 4517 841 4608 Cauda
873 4517 1039 4604 maxime
1065 4517 1116 4602 ab
1146 4517 1330 4631 oppofito
1353 4517 1457 4602 Solis

144 4633 360 4734 defletur,
383 4635 549 4724 maxime
565 4631 684 4722 etiam
710 4632 965 4732 incurvatur,
1007 4655 1096 4715 cunt
1116 4635 1220 4719 teila
1253 4629 1389 4718 Solent
1403 4635 1457 4714 'dt

206 4747 380 4869 §regati
405 4747 506 4864 Alit.⁸
529 4741 631 4859 Tum.
648 4745 678 4830 I
681 4743 720 4856 4
1026 4740 1105 4829 lib
1141 4771 1143 4778 ’
1310 4741 1458 4833 Come.
