4322 5686
773 579 845 655 702
964 552 1504 635 'AURONOMIAE
1555 554 1906 633 PHYSICAE

776 684 973 770 circumire
1007 681 1213 770 statuerunt
1252 746 1266 784 ,
1316 682 1548 795 illorumque
1571 673 1747 767 'Orbitas
1788 681 1812 768 i
1854 682 1951 765 Sole
1994 683 2079 792 qutfi

775 796 978 905 Epicyclos
1008 795 1145 878 deferri
1161 853 1187 902 1,
1261 823 1317 877 uae
1358 791 1540 876 sententia
1569 785 1749 904 AEgypriis
1780 787 2024 900 Philosophia
2045 795 2091 870 &-

777 899 952 984 Ciceroni
977 905 1118 1014 placuit
1140 936 1151 992 ς
1222 903 1260 983 ἰ
1291 905 1419 1012 potius
1452 902 1553 984 hunc
1581 901 1719 985 honnn
1746 903 1863 984 trium
1887 923 2078 1010 corporum

776 1011 949 1094 ordinem
1007 1009 1220 1113 censeamus
1270 1009 1446 1123 reliquias
1496 1013 1580 1094 veri
1624 1009 1841 1118 Syllematis
1889 1008 2076 1104 Mundaui,

777 1118 881 1229 apud
902 1115 1156 1230 AEgyptiorum
1179 1117 1404 1202 Sacerdotes
1433 1118 1605 1202 nondum
1636 1122 1785 1232 penitus
1805 1118 1987 1202 emortui.

829 1263 1096 1352 observatoris
1129 1293 1256 1352 autem
1280 1267 1400 1350 nollri
1431 1267 1572 1351 Solaria
1596 1271 1762 1350 rationes
1790 1268 1841 1350 ab
1878 1261 2078 1371 hujusmodi

773 1377 1030 1488 incommodis
1057 1377 1201 1460 turbari
1227 1401 1422 1487 nequeunt
1446 1407 1456 1464 ;
1511 1373 1574 1458 sed
1604 1377 1770 1459 Planetae
1795 1403 1931 1460 omnes
1962 1369 2078 1483 perpe*-

774 1510 846 1567 tuo
896 1485 1052 1584 directi,
1098 1490 1140 1567 &
1185 1484 1355 1569 Periodis
1390 1483 1599 1570 admodum
1629 1482 1824 1580 diversas,
1867 1481 1918 1566 ad
1946 1477 2078 1564 easdem

712 1588 714 1597 ’
774 1595 885 1674 'Fixus
914 1593 1036 1677 redire
1060 1592 1331 1681 videbuntur;
1380 1592 1482 1676 unde
1510 1620 1559 1674 ex
1586 1591 1699 1722 dido
1726 1594 1912 1703 principio
1937 1592 2078 1672 illorum

773 1700 884 1783 Ordo
919 1697 1061 1812 absque
1110 1703 1216 1786 omni
1251 1699 1483 1784 haefinuone
1521 1701 1743 1810 stabilietun
1826 1699 1947 1810 Qod
1973 1701 2077 1780 etiarn

774 1803 931 1892 decursu
967 1810 1151 1920 temporis
1191 1811 1347 1894 ulterius
1379 1807 1704 1909 confirmabitur,
1746 1837 1832 1893 cum
1882 1809 1960 1908 (iis
1996 1808 2076 1890 inter

775 1912 812 1998 se
844 1917 909 2000 vel
932 1915 1204 2030 ‘magnitudine
1245 1919 1347 2026 prius
1382 1915 1620 2015 observata,
1666 1919 1732 2002 vel
1763 1914 1914 2000 diverso
1945 1917 2073 2012 colore,

773 2019 859 2107 satis
887 2026 965 2129 j'am
998 2051 1086 2110 ante
1124 2025 1336 2122 distindtis)
1381 2023 1539 2111 inferior
1560 2024 1788 2138 superiorem
1818 2052 1953 2142 tegere
1983 2022 2074 2108 facilc

773 2131 1087 2244 deprehendetur.

829 2278 944 2374 Brevi
984 2277 1099 2360 etiam
1137 2273 1312 2359 advertet
1352 2277 1551 2385 Spedator
1593 2274 1834 2360 planetarum
1938 2278 2072 2360 emlibet

773 2383 825 2468 ad
855 2385 963 2468 Fixas
1005 2386 1188 2470 collatum
1225 2411 1325 2467 nunc
1355 2381 1498 2466 tardius
1533 2411 1635 2466 nunc
1667 2384 1841 2468 velocius
1875 2303 2005 2487 lIeurri,
2040 2389 2070 2464 dt

774 2522 823 2576 ex
854 2491 1028 2603 praedisla
1058 2523 1105 2596 re,
1126 2493 1188 2576 ula
1222 2489 1427 2576 concludet
1461 2491 1569 2574 illum
1595 2517 1695 2576 nunc
1732 2496 1956 2606 propiorem
1992 2522 2069 2578 nunc

775 2601 1022 2686 remotiorem
1051 2523 1156 2692 εΠΞς
1200 2601 1312 2716 quod
1335 2628 1383 2683 eu
1413 2595 1616 2684 observata
1645 2601 1724 2704 ejau
1757 2603 1950 2687 diametro
1977 2631 2069 2728 appr·

637 2697 654 2728 '
775 2711 873 2792 renti
906 2734 1050 2794 mutata
1091 2711 1238 2821 plenius
1277 2707 1436 2838 patebit.
1522 2713 1668 2792 Verum
1708 2739 1795 2795 cum
1827 2707 2068 2796 observarent

775 2817 1023 2901 velocitatem
1064 2847 1145 2902 non
1196 2846 1325 2931 augeri
1363 2819 1403 2899 in
1434 2816 1569 2901 eadem
1599 2819 1746 2904 ratione
1780 2849 1866 2904 cum
1898 2821 2068 2906 diametro

776 2928 1008 3033 apparenti,
1052 2923 1178 3010 sedin
1208 2925 1355 3010 ratione
1389 2922 1469 3010 fere
1510 2924 1730 3038 duplicatat
1773 2931 1949 3016 inveniet
1980 2929 2068 3010 velo

748 3033 898 3130 ¹citatis
926 3038 1176 3119 mutationem
1210 3061 1290 3118 non
1324 3032 1396 3117 esse
1429 3057 1564 3126 totam.
1586 3037 1789 3144 opticam,
1841 3035 1908 3122 sed
1936 3041 2010 3145 ejus
2026 3031 2068 3117 se·

775 3136 915 3224 missem
932 3143 1096 3226 Planetae
1113 3171 1246 3228 revera
1266 3141 1378 3226 inesse
1395 3201 1410 3241 ,
1447 3143 1603 3226 alteram
1630 3139 1809 3230 semissem
1827 3149 1986 3259 propter
2005 3169 2066 3226 mt-

773 3269 895 3368 jorem
917 3254 1153 3336 vicinitatem
1176 3281 1369 3363 apparere.

826 3381 935 3464 Licet
966 3381 1203 3468 Planetarum
1242 3386 1429 3470 Ordinem
1465 3389 1536 3472 rite
1570 3387 1772 3474 stabilitum
1802 3389 1912 3476 facile
1937 3415 2067 3488 teneat,

620 3501 626 3510 ·
771 3513 852 3568 non
886 3490 958 3571 erit
983 3489 1038 3574 illi
1065 3491 1164 3576 adeo
1192 3495 1365 3605 proclive
1392 3523 1526 3580 eomm
1550 3495 1574 3581 ὲ
1599 3499 1690 3582 Sole
1717 3499 1905 3583 distantias
1922 3501 2020 3583 inter
2041 3497 2069 3582 se

772 3622 859 3678 tom
888 3623 1026 3695 arare,
1076 3600 1178 3684 deest
1214 3604 1316 3685 enirn
1352 3603 1414 3686 hic
1454 3603 1563 3711 (qud
1607 3635 1678 3690 nos
1713 3609 1913 3692 Terricolae
1940 3609 2068 3722 gaude·

771 3621 886 3799 musl
918 3701 1184 3792 observatoris
1212 3711 1409 3796 translatio
1436 3713 1485 3796 de
1516 3714 1607 3796 loco
1631 3717 1864 3815 inlocum,
1909 3715 1990 3800 five
2014 3717 2066 3800 sla·

768 3813 920 3898 tionum
949 3810 1180 3916 diversum,
1216 3816 1293 3932 qud
1320 3821 1560 3904 Planetarum
1587 3821 1778 3909 distantias
1802 3823 1827 3910 al
1850 3819 1888 3908 se
1913 3825 2064 3912 invicem

767 3947 853 4004 eum
881 3921 1086 4008 stationum
1112 3925 1288 4010 distantia
1311 3927 1495 4013 conserat.
1837 3929 1842 3936 “

821 4038 944 4150 QOd
985 4037 1013 4122 st
1048 4045 1203 4129 oculum
1228 4043 1250 4127 ὲ
1278 4049 1378 4131 Solis
1407 4069 1539 4132 centro
1563 4049 1603 4132 in
1629 4049 1729 4178 illius
1757 4048 1989 4182 superficiem
2007 4052 2064 4137 eri·

766 4171 939 4334 laelii?
952 4151 1835 4378 alnmpilnllllssllfflfflail'l}
1858 4166 2061 4363 elffii,

626 4413 628 4418 .
763 4357 817 4441 est
844 4361 996 4470 aqualrs
1026 4363 1127 4450 Solis
1153 4361 1433 4461 semidiametro
1460 4371 1482 4459 ὲ
1511 4379 1628 4462 Terra
1656 4373 1744 4464 visae
1766 4437 1781 4482 ‚
1805 4375 1871 4489 st.
1905 4379 2063 4572 16¹,ng
