4420 5692
255 587 718 696 atravatrum
755 587 1113 670 aramenta·
1143 585 1230 667 an.
1269 586 1340 672 cv.
1415 603 1493 693 aaa

189 722 377 836 quoniam
412 744 618 834 generatur
654 747 702 804 ert
735 720 881 833 puncto
916 721 957 804 in
990 727 1091 812 resta
1131 749 1245 810 moto
1284 725 1376 810 dum
1416 723 1495 842 ipsa

189 842 292 921 reela
323 861 434 919 motu
471 833 646 947 angariari
678 833 956 921 circumfertur.
1014 839 1054 922 Si
1082 865 1213 925 tamen
1248 839 1498 926 Astronomis

192 948 388 1036 veteribus
417 977 569 1033 rnorem
595 955 612 1060 (
643 949 701 1032 uti
731 949 883 1061 decet)
916 977 1097 1062 gerentes
1126 952 1280 1068 Ellipfin
1304 981 1377 1070 pro
1414 955 1498 1042 Pla·

189 1089 292 1150 netae
319 1063 464 1146 Orbita
490 1063 727 1162 habeamus,
774 1068 854 1170 ejus
888 1065 1008 1150 Linea
1037 1065 1225 1182 Aplidum
1249 1067 1268 1168 l
1293 1095 1362 1180 per
1379 1073 1497 1184 Prop.
1652 1123 1666 1156 .

193 1202 316 1264 v111.
350 1177 367 1286 )
416 1176 477 1260 bis
516 1180 556 1260 in
599 1180 782 1290 'qualibet
817 1179 1037 1266 Lunatioue
1087 1211 1160 1296 pro
1189 1183 1364 1282 reditur,
1413 1209 1504 1267 cunt

192 1319 333 1402 nempe
366 1291 477 1378 [una
502 1295 557 1375 est
584 1291 623 1374 in
655 1293 854 1407 Syzygiis,
886 1297 927 1374 δε
960 1294 1020 1378 bis
1050 1211 1287 1410 regresitur,
1319 1323 1408 1380 cum
1437 1299 1513 1382 Lu-

192 1433 245 1492 na
275 1429 385 1490 tenet
426 1405 732 1513 Qadratutasr
785 1405 1075 1523 progressusque
1108 1413 1181 1496 hic
1228 1428 1245 1516 l
1284 1439 1353 1522 per
1382 1413 1502 1522 Prop.

195 1522 307 1630 xr.)
332 1520 537 1634 regrellum
557 1517 709 1631 supetat
735 1517 829 1605 dum
850 1521 965 1604 Lunae
992 1524 1207 1638 Apogaeum
1231 1529 1271 1606 δι
1295 1525 1504 1636 Perigaeum

193 1634 381 1750 Syzygius
419 1658 583 1733 renent,
632 1661 674 1719 at
716 1633 900 1748 regressus
944 1637 1102 1721 vicilsrm
1140 1631 1374 1750 progrellum
1409 1637 1505 1723 dum

195 1751 263 1834 illa
297 1754 337 1834 in
362 1747 623 1851 Quadraturis
657 1745 868 1834 versantur.
927 1751 1162 1863 Simpliciter
1191 1777 1287 1866 ergo
1315 1751 1354 1833 in
1385 1751 1506 1864 priori

194 1859 283 1950 casa
316 1863 336 1972 (
357 1863 383 1947 sr
406 1865 598 1977 integram
631 1865 745 1947 Luna:
771 1864 1062 1949 revolutionem
1093 1862 1237 1980 spesles
1262 1867 1282 1976 )
1307 1867 1507 1978 progredi·

195 2005 258 2065 tur
285 1979 536 2090 Apogaunr5
563 1976 781 2092 sunpliciuer
812 1979 1026 2092 regreditur
1056 1981 1095 2063 in
1125 1980 1353 2094 posteriori:
1380 1982 1506 2065 Cum·

197 2121 276 2206 que
319 2094 424 2206 prior
469 2088 574 2176 casus
614 2093 758 2178 diutius
790 2093 942 2192 duret,
986 2095 1027 2176 ln
1067 2095 1218 2206 integra
1255 2092 1508 2181 revolutione

50 2243 58 2250 ·
197 2205 389 2320 Apstdurn
427 2206 528 2291 eirca
560 2207 695 2290 Solerri
732 2206 1032 2319 progrediuntur
1055 2207 1316 2320 simpliciter.¹

257 2325 437 2437 Quarto,
478 2319 505 2403 sr
547 2321 654 2406 nulla
691 2319 795 2405 soret
829 2323 933 2406 Solis
958 2324 1061 2406 aelio
1086 2323 1141 2438 'in
1181 2324 1298 2408 lunae
1333 2309 1508 2406 mombis

197 2434 504 2552 pertuubandr'na
551 2435 689 2523 melem
733 2431 923 2548 perpetuo
956 2437 1105 2544 Ellipfis
1146 2435 1246 2549 eirea
1267 2433 1508 2521 Terram&
1600 2499 1604 2516 ,

126 2590 129 2598 ·
198 2555 310 2639 Luna
354 2545 675 2634 describeretur:
717 2574 822 2634 nunc
857 2577 987 2635 autem
1014 2551 1069 2636 *fit
1108 2570 1155 2634 ut
1198 2551 1280 2633 haec
1313 2574 1509 2664 perpetuo

199 2689 372 2752 mutetur
389 2659 535 2776 speclea
551 2666 702 2750 Orbita·
733 2667 837 2748 enim
860 2665 1139 2749 Extentricltas
1163 2663 1289 2748 indies
1316 2688 1511 2762 mutatur,

199 2785 239 2866 &
272 2780 290 2889 (
320 2805 389 2892 per
414 2782 532 2888 Prop.
564 2781 678 2890 xri.)
717 2778 757 2862 in
783 2779 963 2892 qualibet
985 2780 1237 2864 revolutione
1267 2779 1310 2864 fit
1339 2779 1510 2862 maxima

200 2895 296 2980 dunt
328 2894 437 2978 Luna
463 2893 505 2975 in
535 2892 713 3008 Syzygiis
741 2887 944 3002 versatur,
989 2893 1150 2998 minima
1178 2891 1275 2984 dum
1291 2894 1373 2977 lraee
1400 2897 1514 2996 Qrtae'

201 3009 375 3095 daturas
397 3029 535 3098 tenen
563 3014 607 3092 δι
631 3001 872 3120 in'pluribus
899 3001 1123 3114 hujusmodi
1152 3007 1267 3090 lune
1288 3004 1510 3118 revolutio·

31 3231 36 3240 ·
201 3125 317 3210 nibus
350 3123 451 3207 inter
472 3117 511 3207 se
541 3123 801 3240 comparatis,
841 3121 1007 3206 mauriana
1037 3118 1091 3205 est
1127 3111 1404 3206 Exeentricitas
1439 3125 1512 3204 Or·

202 3239 293 3324 bita
335 3243 455 3352 (per
488 3241 605 3352 Prop.
643 3237 811 3348 xrrr.)
846 3265 933 3322 eum
969 3235 1135 3350 Apfides
1170 3237 1285 3318 Lunae
1325 3233 1514 3348 Syzygias

203 3376 365 3453 renent,
394 3351 552 3436 minima
586 3379 674 3438 rum
709 3352 990 3459 Quadraturas.
1050 3349 1175 3464 Qotl
1208 3347 1372 3432 srLunae
1405 3353 1520 3462 Apo-¹

203 3495 326 3584 gaeum
362 3472 405 3552 δι
440 3465 648 3578 Perigaeurn
684 3467 870 3582 syzygias
907 3487 1067 3578 teneant
1102 3471 1144 3549 &
1185 3464 1293 3549 srmul
1326 3465 1434 3546 Luna
1472 3463 1516 3544 in

203 3587 385 3697 Apogaeo
413 3576 619 3679 versetur,
664 3579 742 3666 lroc
770 3583 848 3680 est,
889 3577 916 3664 sr
952 3571 1230 3668 Excentrieitas
1249 3577 1517 3664 'srt··omnium

206 3699 407 3788 maximae
438 3698 548 3781 Luna
576 3697 616 3778 in
653 3695 836 3809 Syzygiisx
859 3699 904 3778 ,δι
942 3693 1188 3780 remotissima
1221 3691 1410 3806 smulque
1442 3715 1521 3774 ttr-
1562 3745 1569 3764 .

206 3807 351 3900 ‹lilima
378 3809 475 3911 fiet,
514 3831 652 3895 contra
690 3805 903 3924 supradicta
938 3809 988 3892 ad
1014 3834 1164 3920 paragr.
1201 3811 1295 3896 2&
1327 3825 1366 3908 3.
1404 3805 1519 3908 liujus

207 3931 325 4040 Prop.
369 3929 519 4012 Verum
551 3951 642 4008 cum
671 3925 710 4008 in
743 3925 822 4008 illis
857 3923 908 4006 ab
946 3921 1248 4007 Exeenrricitate
1284 3915 1518 4004 abstrahere·

208 4069 328 4143 ntus,
358 4047 400 4126 δι
431 4040 487 4124 ibi
509 4037 615 4134 dieta
650 4039 796 4124 caeteris
825 4033 982 4148 paribus
1015 4037 1199 4122 obtinere
1234 4029 1385 4119 tanturn
1409 4025 1519 4139 aller·

209 4183 294 4244 tum
333 4155 402 4256 fit,
460 4151 561 4238 lrlste
597 4155 708 4240 nullo
737 4151 863 4237 modo
902 4152 1096 4234 contraria
1127 4143 1222 4234 sunt.
1283 4146 1362 4232 Sed
1390 4155 1531 4259 neque

209 4273 252 4360 in
284 4271 364 4357 lroc
401 4273 518 4355 eriam
549 4262 636 4353 casu
671 4290 750 4352 tam
784 4269 890 4350 lente
916 4269 1025 4350 Luna
1052 4279 1263 4362 movetur,
1308 4287 1382 4348 nec
1411 4281 1522 4344 tanta

211 4389 266 4476 cst
300 4385 446 4471 Orbitae
478 4385 754 4468 Excentricitas
772 4403 923 4496 quanta
952 4381 1087 4478 soret,
1121 4378 1147 4464 st
1175 4383 1332 4464 Errores
1362 4375 1403 4460 in
1429 4373 1523 4461 cira·

212 4507 260 4590 tia
289 4502 534 4614 paragraphis
558 4500 761 4700 explicatae
794 4491 945 4610 prorsus
970 4491 1157 4582 abelleno

271 4621 448 4726 Quinto,
497 4608 614 4704 saSo
639 4669 644 4676 ·
667 4623 750 4704 no'n
788 4610 1032 4725 perturbaret
1071 4611 1190 4724 Lunae
1213 4633 1408 4724 utuorum,
1445 4595 1528 4686 haev

936 4772 1015 4816 ··.
1080 4797 1089 4812 .
1216 4766 1249 4782 υ
1313 4719 1531 4808 ³Orbitarn
