4376 5694
258 588 306 668 ’θ’
342 583 731 688 ossourffllcae
768 585 1213 714 narraturam.
1255 597 1326 675 IV.
1411 624 1479 699 559
1548 629 1553 634 ·

222 725 264 814 Si
293 731 427 816 Motus
447 733 564 818 Lunae
588 725 689 816 visus
711 730 910 842 aquabilis
941 729 1045 814 foret
1060 791 1076 836 ‚
1092 732 1229 845 aquali
1246 761 1353 845 opusv
1379 735 1652 822 effethm

102 891 104 898 ·
161 843 397 954 temporeai
439 866 645 928 momento
689 841 979 930 obscurationis
1020 848 1194 930 maximae
1224 848 1274 930 ad
1311 849 1469 958 Eclipsrt
1507 823 1597 903 Ψ·

154 959 296 1042 :Finem
312 1013 328 1055 ,
358 985 442 1069 quo
471 957 522 1042 ab
546 957 670 1040 ‘Initio
712 957 764 1042 ad
793 955 937 1042 diuum
965 983 1242 1058 momentum,¹
1279 964 1469 1072 quoniam

161 1096 234 1155 rur
260 1071 359 1154 recia
386 1071 542 1183 aqualis
568 1071 624 1158 est
646 1097 737 1168 tu,
778 1069 902 1182 posteri
930 1069 1037 1156 Luni
1063 1097 1126 1156 nt
1164 1075 1297 1158 Solem
1323 1099 1390 1158 nn
1424 1077 1463 1160 in

149 1183 313 1294 Ecliphs
329 1185 421 1267 Fine
447 1183 582 1268 contin
610 1211 712 1273 erer
753 1188 793 1268 &
819 1179 1051 1268 obscuratio
1076 1187 1243 1270 maxima
1265 1188 1464 1273 coincide-¹

149 1321 219 1380 ret
241 1323 329 1381 cum
354 1296 492 1410 Eclipii
513 1211 672 1394 tueha,
711 1299 812 1382 utin
844 1300 961 1382 Luna
994 1297 1129 1408 Ecliph
1155 1299 1232 1396 fit,
1266 1300 1333 1384 ubi
1359 1303 1464 1389 nulla

146 1410 214 1496 est
243 1411 449 1495 Parallaxis
464 1414 580 1496 Lunae
597 1409 647 1494 ab
664 1409 820 1494 Umbra
848 1412 1052 1500 Terrestrir
1092 1405 1177 1495 sunt
1201 1413 1310 1496 enim
1338 1417 1465 1497 conti·

210 1551 253 1606 a.
294 1527 442 1608 Verum
466 1525 655 1636 quoniam
682 1517 879 1621 secuerit,
922 1548 969 1606 ut
992 1525 1033 1606 in
1070 1528 1185 1634 Ptop.
1213 1551 1323 1634 praec.
1344 1530 1466 1611 osten·

152 1549 258 1725 {tumr
285 1637 336 1724 ad
365 1637 643 1724 inveniendum
669 1642 840 1748 Tempus
861 1637 1023 1750 quando
1047 1634 1205 1748 Eclipsts
1231 1635 1391 1739 finitur,
1424 1641 1466 1724 fi.

148 1751 267 1839 miles
295 1748 417 1840 rursus
438 1751 690 1864 operationes
710 1750 931 1863 repetendae
948 1773 1086 1845 erunt,
1118 1752 1330 1861 querendo
1344 1781 1465 1864 quan.

152 1887 237 1950 tam
270 1865 355 1950 Viae
384 1859 454 1949 suae
491 1866 715 1976 portionem
739 1865 849 1952 Luna
881 1861 1043 1950 conficit
1074 1863 1116 1944 in
1153 1858 1342 1976 ass'umpro
1378 1869 1465 1978 post

142 1977 362 2064 maximam
394 1973 718 2064 Obscuratiouem
747 1990 958 2090 tempore,
1001 1979 1043 2058 &
1071 2002 1141 2084 per
1167 1977 1387 2088 analogiam
1411 1981 1462 2063 in·

149 2091 380 2204 vestigando
406 2118 596 2203 quantum
613 2091 800 2202 temporis
825 2090 1041 2202 requiratur
1064 2111 1109 2170 ut
1130 2114 1240 2174 arcus
1265 2114 1331 2174 tu
1359 2093 1462 2204 ‹ipri

142 2229 176 2290 a
194 2233 228 2286 tt
259 2197 380 2316 ptius'
399 2203 563 2288 invento
586 2207 742 2316 aqualis
767 2206 786 2314 )
826 2205 946 2289 Motu
970 2197 1055 2286 viso
1088 2201 1203 2286 Lunae
1229 2198 1252 2288 i
1277 2204 1371 2290 Sole
1396 2235 1463 2319 pe.

145 2342 338 2428 ragretur.
389 2320 481 2400 Hoc
507 2320 609 2403 enim
637 2316 813 2402 additum
836 2339 1043 2402 momento
1065 2309 1357 2402 Obscurationis
1383 2347 1463 2406 tna.

135 2430 264 2516 ¹aritttae
284 2425 392 2542 supra
424 2430 587 2514 invento
617 2431 727 2516 dabit
739 2445 993 2516 momentum
1021 2428 1124 2512 Finis
1143 2427 1299 2540 Eclipsrs
1315 2431 1461 2518 Solaris

142 2543 188 2629 'm
222 2543 335 2628 Loco
371 2543 572 2655 propofito
604 2539 726 2628 vise:
759 2543 938 2655 Cognito
967 2566 1098 2627 autem
1135 2547 1331 2654 Tempore
1357 2544 1460 2632 Initii

136 2659 190 2742 Bt
213 2657 322 2742 Finis
335 2713 350 2754 ,
389 2680 487 2740 nota
506 2655 574 2740 fiet
598 2659 765 2742 Duratio
783 2656 945 2767 integra.
969 2657 1145 2764 Qut&

594 2824 1008 2915 Senottum

197 2999 317 3084 ¹¹Dum
342 2993 507 3082 maxima
542 2993 808 3104 ptaediiiotum
850 2990 1129 3106 triangulorum
1166 3020 1255 3104 pars
1280 3023 1350 3108 pet
1381 2996 1459 3080 Tri·

131 3111 443 3243 gonomctriam
472 3103 706 3242 resolvitur,
735 3131 922 3218 poterunt
944 3105 1010 3188 illa
1037 3135 1109 3238 pro
1142 3105 1265 3218 planis
1295 3108 1456 3242 haberi:

135 3231 317 3336 'Propter
331 3243 566 3336 parvitatem
592 3249 694 3304 emm
726 3222 889 3304 laterum
925 3216 1109 3330 sphartcae
1144 3215 1353 3330 superficiei
1371 3249 1458 3333 por·

141 3337 287 3473 tio-ab
319 3337 395 3468 iliis
429 3357 627 3464 occupata·
651 3331 674 3418 i
701 3334 820 3446 plano
846 3333 914 3414 vix
950 3329 1080 3416 differt
1110 3389 1125 3429 ,
1166 3357 1211 3415 ut
1238 3333 1276 3416 in
1303 3329 1387 3416 casu
1414 3333 1457 3416 sr-

138 3444 430 3676 {ripheth
454 3445 924 3644 thiithihhh
949 3443 1356 3669 {ittii'ti‘p‘ih
1377 3444 1456 3642 ii?

140 3679 188 3761 iis
219 3677 410 3772 calculo,
453 3671 588 3784 siquis
620 3673 740 3768 alius,
768 3669 871 3756 taedii
894 3671 1043 3780 pleno,
1071 3697 1230 3781 propter
1254 3673 1456 3784 repetitam

138 3790 420 3988 Paragplxiumst
446 3784 733 3900 inquisitionem
760 3815 773 3876 ς
830 3779 896 3868 sed
931 3781 1187 3912 compendio
1215 3784 1293 3870 hoc
1343 3809 1457 3868 caute

129 3929 239 3990 uten
300 3931 433 3986 me.

398 4179 400 4182 Ι
490 4067 1083 4154 Corotttntun.

199 4243 347 4352 Atque
370 4239 459 4327 hinc
493 4234 637 4327 Soletis
663 4232 851 4346 Eclipfis,
877 4227 1046 4346 respestu
1072 4231 1153 4318 dati
1177 4232 1294 4331 Loci,
1327 4235 1461 4348 Typus

129 4358 218 4448 five
244 4353 413 4440 Schema
436 4350 617 4464 graphice
634 4349 891 4460 protrahetur.
933 4347 1040 4432 Cum
1067 4347 1171 4433 enim
1195 4347 1345 4432 tantilla
1365 4351 1463 4432 Cot-

133 4477 163 4558 ii
187 4497 280 4586 pars
313 4467 449 4558 Solem
475 4470 513 4558 δι
539 4463 644 4552 hunc
667 4463 717 4554 ab
741 4488 911 4575 utroque
936 4460 1057 4544 latere
1090 4461 1132 4543 in
1161 4460 1280 4546 Initio
1311 4463 1463 4546 &Fine

102 4582 300 4701 -Eciipfis
335 4581 629 4692 contingentem
666 4578 814 4664 Lunam
856 4573 1196 4778 gumprehendens
1237 4602 1312 4690 pro
1329 4575 1466 4772 ἓξὲξ
