4376 5694
398 707 406 720 ,
519 733 574 792 Μ
703 617 781 718 53'6'
938 609 1849 698 A'STRONOMTAE'PHYSICAE

577 739 695 789 .xxrrt

556 811 606 888 „g
621 827 647 884 4
700 761 754 844 est
793 756 949 868 Eclipsrs
986 757 1057 869 per'
1092 751 1307 860 universam
1344 761 1541 839 Terram:
1594 758 1663 840 Sin
1693 755 1824 870 aliqua
1851 751 2011 838 Telluris

631 924 637 934 ·
701 899 788 986 pars
815 869 1039 952 Penumbrae
1073 871 1320 981 immergatur
1354 927 1367 966 ,
1412 897 1458 952 ea
1488 869 1697 980 aliqualem
1734 869 1930 982 (proprie
1947 870 2004 950 lo·

706 983 867 1097 quendo
900 983 994 1066 srcut
1038 985 1142 1092 prius
1183 985 1234 1066 de
1272 985 1429 1092 Luna)
1468 984 1641 1096 parietur
1672 981 1836 1093 Eclipsm
1872 1013 1884 1080 5
1925 981 2009 1062 uve

706 1094 846 1180 trastlls
877 1096 980 1178 illius
1013 1095 1153 1181 incolis
1185 1097 1254 1180 Sol
1288 1097 1341 1180 ob
1368 1093 1630 1208 interpositam
1666 1097 1815 1178 Lunam
1845 1085 2010 1176 deficere

705 1209 913 1292 videbitur.
972 1211 1085 1293 Patet
1114 1235 1244 1294 autern
1275 1209 1469 1312 Umbram
1496 1211 1534 1292 in
1559 1215 1717 1292 Terram
1748 1213 1939 1290 incurrere
1956 1205 2008 1302 ‚fi

706 1323 869 1434 circulus
904 1345 985 1402 uu
1018 1320 1202 1408 circulum
1233 1348 1261 1405 D
1282 1347 1306 1403 c
1325 1353 1352 1405 o
1379 1320 1511 1412 secets
1560 1325 1762 1404 aliusnon
1790 1321 2009 1416 incurrere,

706 1433 794 1518 curn
820 1435 983 1516 circulus
1020 1459 1047 1514 o
1069 1461 1139 1520 co
1174 1434 1218 1519 stt
1247 1437 1412 1520 Telluris
1446 1436 1648 1518 maximus.

764 1549 827 1631 Ut
859 1571 989 1630 autern
1014 1545 1259 1662 dignoscatur
1282 1575 1332 1632 an
1364 1550 1404 1632 in
1436 1549 1516 1652 dati
1536 1547 1678 1632 Menfis
1697 1543 1921 1634 Novilunio
1941 1546 2010 1630 cir-

708 1659 817 1744 culus
849 1684 924 1740 uu
963 1660 1146 1745 circulum
1172 1729 1175 1736 .
1197 1687 1223 1744 ι)
1244 1687 1316 1744 co
1364 1667 1510 1760 secet,
1561 1661 1802 1771 concipiatur
1842 1659 2009 1746 Telluris

662 1771 665 1778 ’
707 1767 1022 1882 Hemisphaerium
1051 1773 1074 1857 al
1105 1776 1199 1858 Sole
1227 1775 1453 1860 illustratum
1484 1781 1523 1859 &
1564 1777 1748 1857 circulum
1776 1773 2010 1886 penumbro-

708 1882 789 1968 sum
821 1879 981 1994 desuper
1009 1883 1165 1997 spectari
1195 1887 1245 1972 ab
1266 1891 1429 1985 Ocu10,
1471 1891 1511 1972 in
1544 1893 1654 1972 reuae
1687 1889 1791 1971 Solis
1819 1892 2010 1971 &Terrae

708 2020 840 2082 centra
866 2001 1137 2112 conjungentis
1169 2007 1345 2111 pund0,
1372 2003 1438 2086 irbi
1460 2005 1622 2086 Coelum
1653 2005 1767 2084 Lunrt
1798 1995 2013 2098 intersecat,

708 2112 953 2200 constitutos
979 2141 1061 2224 quo
1090 2110 1176 2198 casu
1210 2113 1526 2226 Hemisphaerium
1558 2115 1657 2198 istud
1677 2173 1703 2212 „
1740 2115 1836 2196 licet
1872 2139 2014 2196 conve-

708 2227 829 2320 xum3
854 2223 959 2335 quasr
987 2221 1092 2322 Disci
1125 2229 1284 2340 planum
1315 2229 1549 2328 videbitur,
1588 2227 1682 2312 ficut
1716 2227 1832 2310 nobis
1865 2231 2011 2309 Lunam

572 2421 576 2430 ,
709 2337 950 2429 intuentibus
970 2339 1142 2428 acciditt
1177 2337 1355 2428 distantis
1377 2345 1493 2426 Oculi
1529 2335 1877 2428 abstractionem&
1915 2365 2008 2421 con·

600 2549 605 2556 ι
708 2451 881 2534 vexitate
903 2454 1124 2536 naturaliter
1148 2451 1338 2540 causante.
1397 2453 1613 2569 Eclipticd,
1636 2453 1906 2549 nictatione,
1936 2475 2014 2534 tan·

708 2589 827 2676 quam
849 2567 949 2646 reda
981 2565 1210 2674 videbitur,
1234 2597 1276 2647 v.
1290 2598 1334 2678 g.
1365 2579 1416 2672 (ἢ
1435 2599 1461 2652 τ
1481 2598 1539 2670 x,
1567 2596 1655 2654 cum
1689 2568 1836 2651 Oculus
1863 2565 1904 2646 in
1934 2569 2037 2668 ejus,

652 2739 657 2746 .
709 2679 828 2788 plano
853 2677 1101 2787 reperiaturz
1146 2685 1199 2762 Et
1223 2681 1317 2794 'quia
1342 2685 1490 2766 Oculus
1517 2680 1539 2766 ai
1567 2683 1685 2793 plano
1716 2680 1833 2762 Orbis
1860 2679 2012 2761 lunaris

633 2808 637 2820 ’
711 2789 887 2899 proxime
918 2791 1049 2894 abest,
1079 2793 1218 2875 Orbita
1254 2798 1411 2878 lunaris
1440 2798 1480 2878 in
1512 2794 1668 2880 Discum
1693 2818 1896 2904 excepta,
1938 2791 2013 2874 five

709 2900 843 3032 potius
862 2902 934 2984 Via
955 2907 1077 2986 centri
1113 2906 1242 2988 circuli
1275 2907 1473 3006 umbrosi,
1497 2909 1537 2992 id
1569 2912 1650 3005 est,
1676 2909 1778 2991 linea
1803 2932 1921 3016 quarn
1936 2905 2011 2987 hoc

711 3037 753 3102 ιη
779 3012 895 3121 plano
920 3013 1024 3098 Disci
1045 3019 1209 3102 Telluris
1237 3019 1416 3105 describit
1447 3081 1461 3120 ,
1500 3026 1572 3106 erit
1603 3022 1718 3105 eriam
1753 3033 1887 3114 recta,
1922 3041 2013 3128 puta

713 3127 819 3224 §tir
866 3129 923 3240 Ex
942 3135 1067 3211 Terrae
1101 3157 1236 3217 centro
1270 3136 1488 3220 educatur
1526 3165 1553 3219 τ
1577 3163 1604 3219 v
1639 3138 1679 3216 in
1707 3137 1789 3236 §tl
1812 3132 2013 3220 normaliss

648 3331 650 3340 y
713 3238 787 3320 erit
810 3267 837 3320 v
867 3245 1049 3349 punslum
1077 3246 1250 3328 omnium
1286 3250 1325 3330 in
1361 3253 1447 3352 (stt
1475 3254 1704 3362 pundorum
1734 3272 1871 3330 centro
1889 3250 2012 3326 Terre

710 3354 944 3461 proximum.
1011 3356 1208 3469 Adeoque
1234 3357 1260 3439 li
1286 3358 1565 3468 penumbrosus
1590 3365 1752 3446 circulus
1780 3384 1860 3442 nm
1884 3357 2013 3440 Tellu-

711 3464 762 3545 ris
794 3461 948 3550 Discum
976 3492 1091 3552 coo
1116 3473 1280 3557 omnino
1305 3477 1499 3588 attingat,
1525 3477 1627 3559 hunc
1650 3479 1814 3587 attinget
1830 3472 2013 3572 cumejus
2067 3507 2072 3517 ·

714 3599 885 3659 centrum
910 3581 963 3662 est
988 3583 1028 3662 in
1062 3612 1115 3664 v:
1152 3585 1191 3666 in
1224 3591 1369 3696 quovis
1404 3591 1506 3673 enim
1529 3593 1608 3676 alio
1639 3613 1784 3700 puncto
1819 3585 1949 3671 circuli
1975 3583 2015 3666 bi

548 3803 551 3810 ι
712 3690 832 3800 magis
867 3692 968 3775 inter
995 3691 1031 3778 se
1063 3695 1213 3782 dillant.
1273 3703 1323 3783 Et
1351 3703 1406 3784 ob
1439 3703 1604 3788 eandem
1626 3709 1840 3797 rationem,
1867 3698 1894 3779 li
1932 3722 2010 3778 ura

641 3869 645 3876 .
710 3801 751 3883 in
786 3829 856 3885 co
879 3833 903 3886 o
928 3807 1128 3906 incurrat,
1162 3814 1329 3896 maxime
1353 3817 1512 3900 incurrit
1547 3847 1634 3900 curn
1671 3811 1928 3929 penumbrosr·
1946 3813 2016 3892 cir·

709 3917 788 3997 tuli
820 3943 993 4004 centrum
1026 3923 1076 4006 acl
1111 3952 1139 4004 v
1172 3931 1401 4033 pervenerit.
1455 3935 1566 4014 Patet
1593 3959 1691 4014 vero
1719 3927 1900 4014 circrdurn
1925 3949 1953 4005 u
1984 3947 2014 4006 st

712 4029 898 4111 circulum
937 4059 965 4114 r>
986 4061 1052 4115 co
1084 4053 1165 4116 non'
1195 4040 1422 4151 attingere,
1456 4041 1482 4125 sr
1510 4072 1646 4126 centro
1673 4045 1785 4154 ipsius
1810 4065 1836 4122 rr
1857 4065 1889 4120 u
1919 4038 2014 4120 adv

582 4225 586 4232 .
704 4165 903 4248 'pervento
930 4175 955 4226 v
984 4175 1011 4229 τ
1047 4149 1213 4232 excedat
1239 4179 1310 4234 rx
1340 4159 1379 4236 δι
1408 4181 1484 4238 vn
1527 4156 1634 4246 simul
1677 4159 1843 4269 sumptas
1882 4183 1892 4229 :
1936 4149 2016 4232 Sed

703 4257 730 4349 ·(
748 4279 817 4384 per
848 4258 963 4366 Prop.
999 4287 1109 4370 praec.
1138 4267 1156 4368 )
1197 4289 1224 4344 τ
1248 4291 1274 4342 ν
1302 4271 1431 4351 Oculo
1456 4295 1500 4351 ut
1530 4266 1636 4381 supra
1666 4273 1874 4354 constituto
1900 4289 2017 4376 appa·

703 4384 771 4446 ¹ret
805 4393 844 4446 rn
864 4369 1008 4478 angulo
1053 4373 1188 4483 aequali
1220 4375 1416 4464 Distantiae
1448 4384 1550 4464 Solis
1583 4388 1622 4464 &
1654 4389 1768 4467 lunae
1803 4407 1850 4462 ex
1881 4385 2008 4461 Terra

709 4501 844 4605 centro
857 4485 1069 4610 ⁸apparenti
1092 4493 1249 4582 „auctae
1273 4495 1417 4602 angulo
1446 4497 1512 4604 qui
1544 4497 1597 4578 est
1624 4500 1675 4578 ad
1701 4493 1913 4578 Parallaxin
1942 4491 2014 4574 So-

710 4587 756 4672 lrs
779 4590 1063 4680 horizontalcrn
1095 4625 1139 4686 ut
1169 4600 1269 4687 diua
1297 4607 1557 4692 Luminarium
1582 4611 1773 4694 Distanria
1809 4605 1861 4691 ad
1895 4609 2012 4686 lunae

1890 4717 2018 4800 Paral-
