4376 5694
741 585 810 685 με
936 569 1485 654 nruroluorrrae
1544 568 1887 646 rursm

558 694 859 832 ”fiffssmElm
894 714 1107 828 Sphaeric.)
1151 711 1264 798 distat
1294 714 1512 828 quadrante
1540 715 1590 800 ab
1630 713 1722 806 diui
1752 716 1985 802 Horizontis
2013 719 2055 802 δι’

617 791 647 852 ⁸⁸
682 810 690 831 ⁰
740 833 935 944 Eclipticae
963 823 1179 914 concursu:
1225 822 1291 910 sed
1317 830 1513 941 Eclipricae
1554 828 1739 942 (utpote
1774 831 1906 914 circuli
1928 829 2052 916 maxi-

741 947 829 1056 mi)
857 945 1057 1029 dimidium
1089 936 1210 1052 supra‘
1228 942 1446 1054 quemlibet
1480 942 1741 1026 Horizontem
1764 945 1912 1034 exstat3
1943 944 2049 1030 unde

740 1088 813 1144 zx
838 1059 1031 1170 Eclipticae
1057 1053 1228 1137 occurrit
1266 1055 1307 1136 in
1342 1061 1488 1168 pundo
1530 1054 1582 1139 ab
1617 1055 1769 1140 oriente
1792 1063 1938 1167 pundo
1977 1084 2049 1172 per

739 1174 996 1286 quadrantem
1021 1169 1218 1263 distante,
1261 1167 1341 1251 five
1368 1168 1558 1252 altill‘rm0.
1615 1169 1812 1253 Tetricola
1834 1169 1966 1280 igitur,
1976 1171 2061 1284 qui·

740 1311 823 1370 turn
846 1283 1034 1397 'trundum
1071 1305 1101 1366 n
1136 1281 1176 1363 in
1204 1281 1370 1365 Telluris
1399 1274 1596 1394 superficie
1624 1305 1756 1377 tenet,
1794 1284 1928 1366 Solem
1949 1312 2043 1368 cen·

738 1400 885 1484 traliter
901 1394 1148 1481 deficientem
1176 1393 1216 1476 in
1235 1395 1356 1506 gradu
1385 1393 1634 1508 nonagesrmo
1654 1396 1777 1479 cernit
1803 1427 1813 1476 z
1843 1398 1923 1500 Qui
1943 1425 2041 1483 vero

737 1514 789 1596 ab
815 1537 843 1596 n
868 1505 1033 1596 versusz
1054 1508 1181 1603 velx,
1207 1533 1248 1591 at
1265 1511 1304 1591 in
1335 1509 1480 1593 circulo
1504 1535 1564 1592 zs
1590 1533 1617 1590 x
1646 1534 1659 1605 ς
1698 1506 1806 1618 degit
1845 1567 1859 1607 ,
1904 1511 2038 1596 Solem

737 1629 779 1709 in
806 1624 927 1738 gradu
959 1617 1209 1732 nonagesimo
1243 1620 1489 1706 deficientem
1520 1621 1681 1734 quidem
1711 1623 1863 1720 cernit,
1888 1621 1914 1707 fi
1937 1625 2039 1711 intra

736 1739 879 1823 limites
905 1731 1155 1850 penumbrofi
1178 1735 1310 1817 circuli
1339 1729 1539 1826 versetur;
1564 1731 1629 1819 sed
1662 1733 1748 1846 plus
1777 1731 1949 1821 minusve
1971 1737 2061 1822 de.-

736 1852 930 1936 ficientem
958 1876 1030 1962 pro
1062 1847 1196 1952 majori
1232 1872 1300 1932 aut
1325 1849 1468 1932 minori
1499 1851 1579 1954 ejus
1617 1848 1792 1931 distantia
1817 1853 1870 1932 ab
1899 1841 1958 1936 κ’,
1992 1875 2034 1935 ut

736 1969 854 2076 Prop.
879 1992 989 2076 praec.
1010 1956 1200 2046 ostensum
1217 1960 1282 2045 est.
1342 1963 1557 2061 Similiter,
1581 1990 1670 2046 cum
1696 1962 1919 2049 Penumbrae
1949 1992 2036 2050 cen·
2164 2043 2165 2074 Ν

736 2102 839 2162 trum
869 2075 1054 2161 circulum
1073 2073 1295 2158 'exstantem
1326 2074 1570 2160 immobilem
1596 2103 1657 2158 rs
1684 2099 1710 2156 n
1735 2075 1778 2158 in
1806 2101 1837 2160 nt
1864 2079 2029 2192 attingit,

634 2223 640 2236 ·
735 2193 901 2277 Telluris
923 2189 1084 2286 incola,
1110 2186 1179 2302 qui
1213 2187 1300 2272 huic
1324 2182 1552 2292 subjicitur,
1586 2189 1725 2274 Solem
1748 2185 1832 2300 ipso
1871 2193 2034 2278 Meridie

735 2301 1226 2390 centraliterdeficientem
1254 2300 1395 2384 videt:
1437 2303 1518 2414 Qui
1551 2329 1648 2386 vero
1677 2300 1728 2384 ab
1761 2330 1791 2386 n
1828 2301 1957 2389 versus
1983 2309 2033 2391 al·
2164 2393 2165 2398 a

733 2442 921 2502 terutrum
944 2415 1083 2499 Polum
1109 2410 1176 2500 sub
1203 2415 1387 2527 praediolo
1419 2415 1638 2502 Meridiano
1663 2439 1682 2498 e
1703 2442 1729 2495 n
1763 2417 1936 2528 degunt,
1966 2425 2033 2504 So·
2164 2425 2165 2520 l

732 2533 811 2616 lem
837 2527 919 2644 ipso
950 2526 1117 2624 Meridie
1145 2528 1357 2637 partialiter
1389 2527 1636 2616 deficientem
1671 2527 1843 2630 vident,
1883 2532 2032 2622 fiinua

731 2645 959 2730 Penumbrae
985 2642 1126 2728 limitet
1158 2642 1413 2726 constiterint.
1472 2647 1521 2727 Er
1547 2644 1613 2729 ille
1638 2642 1826 2757 quidem,
1853 2646 1922 2757 qui
1952 2677 2033 2734 ver·
2164 2653 2165 2718 ὲ

731 2753 791 2842 sus
816 2759 981 2854 Polum,
1007 2755 1206 2840 borealem
1239 2781 1260 2836 a
1298 2755 1349 2839 ab
1377 2783 1408 2838 nt
1438 2783 1664 2843 removetur
1689 2779 1713 2856 ,‘
1754 2757 1856 2842 Solis
1886 2754 2033 2874 partem
2164 2769 2165 2826 t

729 2868 931 2955 australem
966 2867 1212 2953 deficientem
1245 2867 1390 2969 videt,
1417 2875 1458 2953 dt
1482 2870 1505 2955 ὲ
1525 2895 1689 2961 contrat
1730 2871 1840 2984 quod
1858 2877 1898 2957 δε
1921 2875 1962 2958 in
1976 2903 2034 2960 ca·

730 2981 771 3067 su
802 2984 919 3094 priori
964 2987 1006 3066 δι
1050 2974 1314 3068 universaliter
1355 2984 1397 3066 in
1439 2986 1620 3068 omnibus
1660 2984 1824 3070 casabus·
1861 2988 2028 3074 obtinet.
2164 3027 2165 3090 ;

730 3095 956 3182 Penumbrae
986 3123 1121 3182 centro
1150 3093 1309 3179 tandem
1333 3095 1384 3180 ad
1409 3122 1623 3185 extremum
1637 3094 1797 3182 Discum
1828 3097 1880 3182 ad
1912 3129 2033 3214 uper·
2164 3099 2165 3110 ³

730 3234 885 3310 vento,
907 3209 978 3323 qui
1006 3208 1104 3295 illud
1126 3206 1248 3324 iplum
1267 3216 1452 3318 punctum
1481 3211 1589 3296 srmul
1611 3213 1766 3322 attingit
1805 3217 2031 3325 Spectator,

613 3317 618 3328 '
728 3323 861 3408 Solem
895 3325 1142 3410 occidentem
1183 3322 1320 3436 (quia
1348 3353 1396 3431 ex
1436 3326 1654 3411 illuminato
1683 3320 1959 3438 Hemisphaerio
1990 3333 2031 3414 in
2089 3355 2094 3364 ·
2164 3327 2165 3358 ³

600 3443 602 3447 ’
727 3433 977 3536 obscurum,
1025 3440 1209 3539 Nouem,
1241 3463 1330 3521 curn
1371 3443 1451 3526 Die
1491 3463 1826 3538 commutaturus,
1867 3444 2030 3542 tranfit)

726 3550 949 3635 centralirer
971 3551 1216 3637 deficientem
1248 3551 1393 3638 videte
1445 3553 1500 3640 At
1532 3556 1601 3669 qui
1626 3554 1676 3651 ad
1696 3581 1724 3635 u
1742 3553 1920 3638 ultimum
1936 3559 2030 3642 Pen-

726 3663 870 3746 umbrae
898 3666 1057 3751 lunaris
1084 3667 1201 3752 idum
1222 3668 1398 3776 patirur,
1426 3671 1562 3756 Solem
1579 3669 1824 3754 occidentem
1851 3665 2027 3780 supremo

724 3771 779 3859 lui
805 3775 928 3864 limbo
967 3781 1085 3896 Lunae
1112 3777 1341 3898 contiguum
1371 3782 1477 3904 quasa
1488 3843 1505 3892 ,
1539 3789 1586 3874 δι-
1610 3777 1766 3897 Eclipu
1792 3785 2025 3884 omnimode

724 3889 843 3984 finem
882 3892 1018 4002 cernit.
1875 3971 1879 3980 .

2164 4166 2165 4210 l
