<?xml version="1.0" encoding="UTF-8"?>
<!DOCTYPE html PUBLIC "-//W3C//DTD XHTML 1.0 Transitional//EN"
    "http://www.w3.org/TR/xhtml1/DTD/xhtml1-transitional.dtd">
<html xmlns="http://www.w3.org/1999/xhtml" xml:lang="en" lang="en">
 <head>
  <title>
</title>
<meta http-equiv="Content-Type" content="text/html;charset=utf-8" />
  <meta name='ocr-system' content='tesseract 3.04.00' />
  <meta name='ocr-capabilities' content='ocr_page ocr_carea ocr_par ocr_line ocrx_word'/>
</head>
<body>
  <div class='ocr_page' id='page_1' title='image "./davidisgregorii00huargoog_0285.png"; bbox 0 0 4336 5692; ppageno 0'>
   <div class='ocr_carea' id='block_1_1' title="bbox 587 501 1933 634">
    <p class='ocr_par' dir='ltr' id='par_1_1' title="bbox 587 501 1933 634">
     <span class='ocr_line' id='line_1_1' title="bbox 587 501 1933 634; baseline -0.004 1"><span class='ocrx_word' id='word_1_1' title='bbox 587 501 591 512; x_wconf 59' lang='grc'>’</span> <span class='ocrx_word' id='word_1_2' title='bbox 699 566 774 634; x_wconf 71' lang='lat'>⁶⁶0</span> <span class='ocrx_word' id='word_1_3' title='bbox 894 510 1933 634; x_wconf 56' lang='lat' dir='ltr'>,utsiuouomarntstct-</span> 
     </span>
    </p>
   </div>
   <div class='ocr_carea' id='block_1_2' title="bbox 614 682 2019 1936">
    <p class='ocr_par' dir='ltr' id='par_1_2' title="bbox 614 682 2019 1936">
     <span class='ocr_line' id='line_1_2' title="bbox 699 682 2019 798; baseline 0.004 -23"><span class='ocrx_word' id='word_1_4' title='bbox 699 692 773 775; x_wconf 86' lang='lat' dir='ltr'>lius</span> <span class='ocrx_word' id='word_1_5' title='bbox 805 693 932 775; x_wconf 87' lang='lat' dir='ltr'>Locus</span> <span class='ocrx_word' id='word_1_6' title='bbox 966 685 1174 773; x_wconf 90' lang='lat' dir='ltr'>secundum</span> <span class='ocrx_word' id='word_1_7' title='bbox 1198 689 1404 785; x_wconf 87' lang='lat' dir='ltr'>eandem,</span> <span class='ocrx_word' id='word_1_8' title='bbox 1454 682 1506 768; x_wconf 90' lang='lat' dir='ltr'>ad</span> <span class='ocrx_word' id='word_1_9' title='bbox 1533 688 1706 798; x_wconf 84' lang='lat' dir='ltr'>Tempus</span> <span class='ocrx_word' id='word_1_10' title='bbox 1737 689 2019 792; x_wconf 56' lang='lat' dir='ltr'>intermedium,</span> 
     </span>
     <span class='ocr_line' id='line_1_3' title="bbox 699 799 2012 915; baseline 0.005 -27"><span class='ocrx_word' id='word_1_11' title='bbox 699 803 862 888; x_wconf 87' lang='lat' dir='ltr'>datum:</span> <span class='ocrx_word' id='word_1_12' title='bbox 885 806 1029 888; x_wconf 83' lang='lat' dir='ltr'>etenim</span> <span class='ocrx_word' id='word_1_13' title='bbox 1054 805 1120 886; x_wconf 91' lang='lat' dir='ltr'>hic</span> <span class='ocrx_word' id='word_1_14' title='bbox 1150 799 1377 915; x_wconf 84' lang='lat' dir='ltr'>supponitur</span> <span class='ocrx_word' id='word_1_15' title='bbox 1411 824 1563 884; x_wconf 90' lang='lat' dir='ltr'>tantum</span> <span class='ocrx_word' id='word_1_16' title='bbox 1591 799 1704 912; x_wconf 91' lang='lat' dir='ltr'>quod</span> <span class='ocrx_word' id='word_1_17' title='bbox 1719 803 1900 891; x_wconf 80' lang='lat' dir='ltr'>Cometae</span> <span class='ocrx_word' id='word_1_18' title='bbox 1928 839 2012 894; x_wconf 89' lang='lat' dir='ltr'>mo·</span> 
     </span>
     <span class='ocr_line' id='line_1_4' title="bbox 701 910 2008 1031; baseline 0.002 -27"><span class='ocrx_word' id='word_1_19' title='bbox 701 945 791 1013; x_wconf 84' lang='lat' dir='ltr'>tus,</span> <span class='ocrx_word' id='word_1_20' title='bbox 819 914 1023 1002; x_wconf 90' lang='lat' dir='ltr'>secundum</span> <span class='ocrx_word' id='word_1_21' title='bbox 1047 919 1226 1031; x_wconf 88' lang='lat' dir='ltr'>quamvis</span> <span class='ocrx_word' id='word_1_22' title='bbox 1247 914 1501 998; x_wconf 69' lang='lat' dir='ltr'>direetionem</span> <span class='ocrx_word' id='word_1_23' title='bbox 1529 910 1817 1003; x_wconf 71' lang='lat' dir='ltr'>confidemus,</span> <span class='ocrx_word' id='word_1_24' title='bbox 1861 923 2008 1007; x_wconf 89' lang='lat' dir='ltr'>eodem</span> 
     </span>
     <span class='ocr_line' id='line_1_5' title="bbox 614 1029 2012 1144; baseline 0.004 -29"><span class='ocrx_word' id='word_1_25' title='bbox 614 1059 615 1064; x_wconf 61' lang='lat'>‘</span> <span class='ocrx_word' id='word_1_26' title='bbox 701 1056 839 1118; x_wconf 86' lang='lat' dir='ltr'>tenore</span> <span class='ocrx_word' id='word_1_27' title='bbox 873 1029 1119 1142; x_wconf 84' lang='lat' dir='ltr'><strong>progreditur</strong></span> <span class='ocrx_word' id='word_1_28' title='bbox 1152 1030 1295 1142; x_wconf 84' lang='lat' dir='ltr'>quovis</span> <span class='ocrx_word' id='word_1_29' title='bbox 1318 1030 1395 1112; x_wconf 91' lang='lat' dir='ltr'>Die</span> <span class='ocrx_word' id='word_1_30' title='bbox 1426 1055 1532 1126; x_wconf 85' lang='lat' dir='ltr'>un0‚</span> <span class='ocrx_word' id='word_1_31' title='bbox 1560 1054 1642 1139; x_wconf 93' lang='lat' dir='ltr'>quo</span> <span class='ocrx_word' id='word_1_32' title='bbox 1671 1032 1711 1118; x_wconf 87' lang='lat' dir='ltr'>in</span> <span class='ocrx_word' id='word_1_33' title='bbox 1742 1032 1918 1144; x_wconf 89' lang='lat' dir='ltr'>pluribus</span> <span class='ocrx_word' id='word_1_34' title='bbox 1938 1063 2012 1120; x_wconf 79' lang='lat' dir='ltr'>an·</span> 
     </span>
     <span class='ocr_line' id='line_1_6' title="bbox 655 1145 1654 1257; baseline -0.006 -27"><span class='ocrx_word' id='word_1_35' title='bbox 655 1208 658 1214; x_wconf 88' lang='lat'><em>-</em></span> <span class='ocrx_word' id='word_1_36' title='bbox 703 1168 743 1230; x_wconf 84' lang='lat' dir='ltr'>te</span> <span class='ocrx_word' id='word_1_37' title='bbox 769 1150 808 1228; x_wconf 83' lang='lat' dir='ltr'>dt</span> <span class='ocrx_word' id='word_1_38' title='bbox 843 1147 927 1257; x_wconf 89' lang='lat' dir='ltr'>post</span> <span class='ocrx_word' id='word_1_39' title='bbox 958 1146 1065 1230; x_wconf 80' lang='lat' dir='ltr'>illum</span> <span class='ocrx_word' id='word_1_40' title='bbox 1096 1145 1261 1230; x_wconf 86' lang='lat' dir='ltr'>Diebus.</span> <span class='ocrx_word' id='word_1_41' title='bbox 1635 1153 1654 1183; x_wconf 58' lang='grc'><em>“</em></span> 
     </span>
     <span class='ocr_line' id='line_1_7' title="bbox 760 1253 2009 1370; baseline 0.006 -30"><span class='ocrx_word' id='word_1_42' title='bbox 760 1264 853 1342; x_wconf 77' lang='lat' dir='ltr'>Haec·</span> <span class='ocrx_word' id='word_1_43' title='bbox 883 1257 1096 1341; x_wconf 84' lang='lat' dir='ltr'>Methodus</span> <span class='ocrx_word' id='word_1_44' title='bbox 1128 1287 1198 1370; x_wconf 81' lang='lat' dir='ltr'>per</span> <span class='ocrx_word' id='word_1_45' title='bbox 1226 1253 1465 1340; x_wconf 85' lang='lat' dir='ltr'>differentias</span> <span class='ocrx_word' id='word_1_46' title='bbox 1513 1256 1753 1368; x_wconf 80' lang='lat' dir='ltr'>procedendi</span> <span class='ocrx_word' id='word_1_47' title='bbox 1802 1261 1921 1344; x_wconf 81' lang='lat' dir='ltr'>etiam</span> <span class='ocrx_word' id='word_1_48' title='bbox 1940 1292 1947 1305; x_wconf 64' lang='grc'><strong>“</strong></span> <span class='ocrx_word' id='word_1_49' title='bbox 1969 1265 2009 1349; x_wconf 90' lang='lat' dir='ltr'>in</span> 
     </span>
     <span class='ocr_line' id='line_1_8' title="bbox 663 1367 2008 1489; baseline 0.004 -33"><span class='ocrx_word' id='word_1_50' title='bbox 663 1373 786 1471; x_wconf 60' lang='lat' dir='ltr'>[aliis</span> <span class='ocrx_word' id='word_1_51' title='bbox 813 1371 986 1484; x_wconf 82' lang='lat' dir='ltr'>pluribus</span> <span class='ocrx_word' id='word_1_52' title='bbox 1007 1371 1176 1478; x_wconf 56' lang='lat' dir='ltr'>(eegr.</span> <span class='ocrx_word' id='word_1_53' title='bbox 1205 1370 1366 1454; x_wconf 83' lang='lat' dir='ltr'>Tabulis</span> <span class='ocrx_word' id='word_1_54' title='bbox 1394 1367 1446 1450; x_wconf 85' lang='lat' dir='ltr'>ad</span> <span class='ocrx_word' id='word_1_55' title='bbox 1475 1371 1647 1456; x_wconf 86' lang='lat' dir='ltr'>minores</span> <span class='ocrx_word' id='word_1_56' title='bbox 1684 1371 1893 1458; x_wconf 75' lang='lat' dir='ltr'>divisiones</span> <span class='ocrx_word' id='word_1_57' title='bbox 1925 1373 2008 1489; x_wconf 82' lang='lat' dir='ltr'>sup-</span> 
     </span>
     <span class='ocr_line' id='line_1_9' title="bbox 701 1479 2006 1599; baseline 0.005 -29"><span class='ocrx_word' id='word_1_58' title='bbox 701 1485 915 1599; x_wconf 86' lang='lat' dir='ltr'>putandis)</span> <span class='ocrx_word' id='word_1_59' title='bbox 939 1481 1027 1570; x_wconf 91' lang='lat' dir='ltr'>usus</span> <span class='ocrx_word' id='word_1_60' title='bbox 1060 1485 1181 1568; x_wconf 86' lang='lat' dir='ltr'>habet</span> <span class='ocrx_word' id='word_1_61' title='bbox 1204 1483 1397 1594; x_wconf 73' lang='lat' dir='ltr'>insignes,</span> <span class='ocrx_word' id='word_1_62' title='bbox 1419 1480 1476 1566; x_wconf 86' lang='lat' dir='ltr'>de</span> <span class='ocrx_word' id='word_1_63' title='bbox 1509 1483 1652 1594; x_wconf 91' lang='lat' dir='ltr'>quibus</span> <span class='ocrx_word' id='word_1_64' title='bbox 1679 1479 1760 1568; x_wconf 88' lang='lat' dir='ltr'>fuse</span> <span class='ocrx_word' id='word_1_65' title='bbox 1784 1493 1906 1571; x_wconf 77' lang='lat' dir='ltr'>auum</span> <span class='ocrx_word' id='word_1_66' title='bbox 1923 1487 2006 1576; x_wconf 69' lang='lat' dir='ltr'>eu.</span> 
     </span>
     <span class='ocr_line' id='line_1_10' title="bbox 700 1591 2011 1788; baseline 0.005 -104"><span class='ocrx_word' id='word_1_67' title='bbox 700 1603 744 1684; x_wconf 91' lang='lat' dir='ltr'>P.</span> <span class='ocrx_word' id='word_1_68' title='bbox 773 1595 949 1680; x_wconf 82' lang='lat' dir='ltr'>Gabriele</span> <span class='ocrx_word' id='word_1_69' title='bbox 982 1594 1144 1679; x_wconf 72' lang='lat' dir='ltr'>Momm</span> <span class='ocrx_word' id='word_1_70' title='bbox 1166 1591 1430 1706; x_wconf 80' lang='lat' dir='ltr'>Lugduncnfi,</span> <span class='ocrx_word' id='word_1_71' title='bbox 1464 1596 1533 1788; x_wconf 58' lang='lat' dir='ltr'>rppi</span> <span class='ocrx_word' id='word_1_72' title='bbox 1560 1591 1775 1700; x_wconf 82' lang='lat' dir='ltr'>hujusmodi</span> <span class='ocrx_word' id='word_1_73' title='bbox 1801 1601 2011 1715; x_wconf 82' lang='lat' dir='ltr'>interpola·</span> 
     </span>
     <span class='ocr_line' id='line_1_11' title="bbox 701 1705 2010 1822; baseline 0.003 -26"><span class='ocrx_word' id='word_1_74' title='bbox 701 1708 1046 1822; x_wconf 23' lang='lat' dir='ltr'>tionesnperficere</span> <span class='ocrx_word' id='word_1_75' title='bbox 1086 1711 1206 1795; x_wconf 90' lang='lat' dir='ltr'>docet</span> <span class='ocrx_word' id='word_1_76' title='bbox 1234 1711 1275 1794; x_wconf 95' lang='lat' dir='ltr'>in</span> <span class='ocrx_word' id='word_1_77' title='bbox 1313 1711 1431 1794; x_wconf 85' lang='lat' dir='ltr'>Libro</span> <span class='ocrx_word' id='word_1_78' title='bbox 1521 1705 1621 1791; x_wconf 75' lang='lat' dir='ltr'>eor</span> <span class='ocrx_word' id='word_1_79' title='bbox 1636 1714 1889 1797; x_wconf 71' lang='lat' dir='ltr'>emtionibus</span> <span class='ocrx_word' id='word_1_80' title='bbox 1912 1713 2010 1800; x_wconf 74' lang='lat' dir='ltr'>Dia·</span> 
     </span>
     <span class='ocr_line' id='line_1_12' title="bbox 699 1813 2013 1936; baseline 0.003 -29"><span class='ocrx_word' id='word_1_81' title='bbox 699 1848 898 1918; x_wconf 73' lang='lat' dir='ltr'>mttorum</span> <span class='ocrx_word' id='word_1_82' title='bbox 931 1820 1030 1904; x_wconf 83' lang='lat' dir='ltr'>Solis</span> <span class='ocrx_word' id='word_1_83' title='bbox 1057 1821 1103 1916; x_wconf 64' lang='grc' dir='ltr'>ῥ’</span> <span class='ocrx_word' id='word_1_84' title='bbox 1121 1817 1237 1906; x_wconf 70' lang='lat' dir='ltr'>Luna</span> <span class='ocrx_word' id='word_1_85' title='bbox 1272 1826 1544 1936; x_wconf 74' lang='lat' dir='ltr'>apparentium.</span> <span class='ocrx_word' id='word_1_86' title='bbox 1637 1853 1638 1856; x_wconf 74' lang='grc'>’</span> <span class='ocrx_word' id='word_1_87' title='bbox 2006 1813 2013 1824; x_wconf 53' lang='grc'><strong>’</strong></span> 
     </span>
    </p>
   </div>
   <div class='ocr_carea' id='block_1_3' title="bbox 944 1979 1873 2158">
    <p class='ocr_par' dir='ltr' id='par_1_3' title="bbox 944 1979 1873 2158">
     <span class='ocr_line' id='line_1_13' title="bbox 944 1979 1873 2158; baseline 0.006 -59"><span class='ocrx_word' id='word_1_88' title='bbox 944 1979 1501 2158; x_wconf 73' lang='lat' dir='ltr'>nnoeosttto</span> <span class='ocrx_word' id='word_1_89' title='bbox 1571 2017 1766 2104; x_wconf 87' lang='lat' dir='ltr'>xxvt.</span> <span class='ocrx_word' id='word_1_90' title='bbox 1869 2031 1873 2034; x_wconf 93' lang='lat'>·</span> 
     </span>
    </p>
   </div>
   <div class='ocr_carea' id='block_1_4' title="bbox 701 2201 2004 2319">
    <p class='ocr_par' dir='ltr' id='par_1_4' title="bbox 701 2201 2004 2319">
     <span class='ocr_line' id='line_1_14' title="bbox 701 2201 2004 2319; baseline 0.004 -25"><span class='ocrx_word' id='word_1_91' title='bbox 701 2205 849 2294; x_wconf 71' lang='lat' dir='ltr'>Cometa</span> <span class='ocrx_word' id='word_1_92' title='bbox 874 2213 918 2288; x_wconf 82' lang='lat' dir='ltr'>in</span> <span class='ocrx_word' id='word_1_93' title='bbox 949 2203 1138 2289; x_wconf 64' lang='lat' dir='ltr'>Parabeste</span> <span class='ocrx_word' id='word_1_94' title='bbox 1180 2209 1272 2287; x_wconf 82' lang='lat' dir='ltr'>moti</span> <span class='ocrx_word' id='word_1_95' title='bbox 1303 2201 1569 2312; x_wconf 70' lang='lat' dir='ltr'>Trajeditrirm</span> <span class='ocrx_word' id='word_1_96' title='bbox 1608 2237 1656 2315; x_wconf 62' lang='lat' dir='ltr'>rx</span> <span class='ocrx_word' id='word_1_97' title='bbox 1697 2207 2004 2319; x_wconf 67' lang='lat' dir='ltr'>obfirvaennibus</span> 
     </span>
    </p>
   </div>
   <div class='ocr_carea' id='block_1_5' title="bbox 1222 2318 1484 2406">
    <p class='ocr_par' dir='ltr' id='par_1_5' title="bbox 1222 2318 1484 2406">
     <span class='ocr_line' id='line_1_15' title="bbox 1222 2318 1484 2406; baseline 0.019 -6"><span class='ocrx_word' id='word_1_98' title='bbox 1222 2318 1484 2406; x_wconf 76' lang='lat' dir='ltr'>determinare.</span> 
     </span>
    </p>
   </div>
   <div class='ocr_carea' id='block_1_6' title="bbox 506 2441 2005 2636">
    <p class='ocr_par' dir='ltr' id='par_1_6' title="bbox 506 2441 2005 2636">
     <span class='ocr_line' id='line_1_16' title="bbox 506 2441 2005 2636; baseline 0.001 -32"><span class='ocrx_word' id='word_1_99' title='bbox 506 2441 686 2605; x_wconf 51' lang='grc' dir='ltr'>ἛῩΜ</span> <span class='ocrx_word' id='word_1_100' title='bbox 828 2519 1017 2636; x_wconf 86' lang='lat' dir='ltr'>Esignets</span> <span class='ocrx_word' id='word_1_101' title='bbox 1039 2512 1197 2616; x_wconf 86' lang='lat' dir='ltr'>Solem,</span> <span class='ocrx_word' id='word_1_102' title='bbox 1214 2541 1246 2600; x_wconf 76' lang='grc' dir='ltr'>τ.</span> <span class='ocrx_word' id='word_1_103' title='bbox 1260 2537 1279 2599; x_wconf 81' lang='lat' dir='ltr'>e</span> <span class='ocrx_word' id='word_1_104' title='bbox 1295 2553 1316 2594; x_wconf 70' lang='grc' dir='ltr'><strong><em>τ</em></strong></span> <span class='ocrx_word' id='word_1_105' title='bbox 1347 2513 1527 2602; x_wconf 83' lang='lat' dir='ltr'>Orbitatn</span> <span class='ocrx_word' id='word_1_106' title='bbox 1556 2517 1756 2606; x_wconf 87' lang='lat' dir='ltr'>Tellurist</span> <span class='ocrx_word' id='word_1_107' title='bbox 1803 2511 2005 2632; x_wconf 78' lang='lat' dir='ltr'>seligantur</span> 
     </span>
    </p>
   </div>
   <div class='ocr_carea' id='block_1_7' title="bbox 689 2629 2028 2974">
    <p class='ocr_par' dir='ltr' id='par_1_7' title="bbox 689 2629 2028 2974">
     <span class='ocr_line' id='line_1_17' title="bbox 829 2629 2028 2748; baseline 0.001 -29"><span class='ocrx_word' id='word_1_108' title='bbox 829 2663 908 2721; x_wconf 89' lang='lat' dir='ltr'>tres</span> <span class='ocrx_word' id='word_1_109' title='bbox 926 2639 1119 2719; x_wconf 79' lang='lat' dir='ltr'>¹Cbmetre</span> <span class='ocrx_word' id='word_1_110' title='bbox 1149 2629 1480 2732; x_wconf 75' lang='lat' dir='ltr'>Observationesr</span> <span class='ocrx_word' id='word_1_111' title='bbox 1501 2633 1715 2746; x_wconf 74' lang='lat' dir='ltr'>aequalibus</span> <span class='ocrx_word' id='word_1_112' title='bbox 1737 2632 1820 2716; x_wconf 87' lang='lat' dir='ltr'>fere</span> <span class='ocrx_word' id='word_1_113' title='bbox 1855 2659 2028 2748; x_wconf 74' lang='lat' dir='ltr'>tempo·</span> 
     </span>
     <span class='ocr_line' id='line_1_18' title="bbox 689 2743 2005 2860; baseline -0.002 -24"><span class='ocrx_word' id='word_1_114' title='bbox 689 2767 775 2836; x_wconf 75' lang='lat' dir='ltr'>rum</span> <span class='ocrx_word' id='word_1_115' title='bbox 800 2749 1016 2838; x_wconf 79' lang='lat' dir='ltr'>intervallis</span> <span class='ocrx_word' id='word_1_116' title='bbox 1043 2749 1093 2830; x_wconf 88' lang='lat' dir='ltr'>ab</span> <span class='ocrx_word' id='word_1_117' title='bbox 1122 2745 1293 2830; x_wconf 87' lang='lat' dir='ltr'>invicem</span> <span class='ocrx_word' id='word_1_118' title='bbox 1318 2743 1531 2844; x_wconf 87' lang='lat' dir='ltr'>distantes,</span> <span class='ocrx_word' id='word_1_119' title='bbox 1559 2747 1613 2828; x_wconf 85' lang='lat' dir='ltr'>ita</span> <span class='ocrx_word' id='word_1_120' title='bbox 1630 2769 1761 2831; x_wconf 86' lang='lat' dir='ltr'>tamen</span> <span class='ocrx_word' id='word_1_121' title='bbox 1794 2771 1839 2830; x_wconf 94' lang='lat' dir='ltr'>ut</span> <span class='ocrx_word' id='word_1_122' title='bbox 1856 2770 2005 2860; x_wconf 76' lang='lat' dir='ltr'>tempus</span> 
     </span>
     <span class='ocr_line' id='line_1_19' title="bbox 689 2859 1999 2974; baseline -0.002 -27"><span class='ocrx_word' id='word_1_123' title='bbox 689 2863 786 2949; x_wconf 86' lang='lat' dir='ltr'>istud</span> <span class='ocrx_word' id='word_1_124' title='bbox 817 2865 863 2948; x_wconf 89' lang='lat' dir='ltr'>srt</span> <span class='ocrx_word' id='word_1_125' title='bbox 900 2863 1020 2974; x_wconf 88' lang='lat' dir='ltr'>paulo</span> <span class='ocrx_word' id='word_1_126' title='bbox 1052 2863 1174 2962; x_wconf 83' lang='lat' dir='ltr'>majus</span> <span class='ocrx_word' id='word_1_127' title='bbox 1211 2859 1281 2943; x_wconf 96' lang='lat' dir='ltr'>ubi</span> <span class='ocrx_word' id='word_1_128' title='bbox 1304 2860 1475 2950; x_wconf 84' lang='lat' dir='ltr'>Cometa</span> <span class='ocrx_word' id='word_1_129' title='bbox 1500 2859 1646 2944; x_wconf 85' lang='lat' dir='ltr'>tardius</span> <span class='ocrx_word' id='word_1_130' title='bbox 1678 2885 1886 2944; x_wconf 85' lang='lat' dir='ltr'>movetur:</span> <span class='ocrx_word' id='word_1_131' title='bbox 1914 2861 1999 2945; x_wconf 84' lang='lat' dir='ltr'>fint-</span> 
     </span>
    </p>
   </div>
   <div class='ocr_carea' id='block_1_8' title="bbox 541 2971 2001 3511">
    <p class='ocr_par' dir='ltr' id='par_1_8' title="bbox 541 2971 2001 3511">
     <span class='ocr_line' id='line_1_20' title="bbox 541 2971 2001 3089; baseline -0.002 -27"><span class='ocrx_word' id='word_1_132' title='bbox 541 2985 546 2992; x_wconf 86' lang='lat'>&#39;</span> <span class='ocrx_word' id='word_1_133' title='bbox 688 3007 770 3089; x_wconf 86' lang='lat' dir='ltr'>que</span> <span class='ocrx_word' id='word_1_134' title='bbox 804 2980 947 3089; x_wconf 68' lang='lat' dir='ltr'>pundo</span> <span class='ocrx_word' id='word_1_135' title='bbox 975 3003 1003 3058; x_wconf 82' lang='lat' dir='ltr'>t</span> <span class='ocrx_word' id='word_1_136' title='bbox 1022 3031 1035 3073; x_wconf 87' lang='lat'><strong>,</strong></span> <span class='ocrx_word' id='word_1_137' title='bbox 1056 2995 1081 3080; x_wconf 77' lang='lat' dir='ltr'>¹t</span> <span class='ocrx_word' id='word_1_138' title='bbox 1107 2977 1148 3056; x_wconf 87' lang='lat'>&amp;</span> <span class='ocrx_word' id='word_1_139' title='bbox 1175 3013 1196 3052; x_wconf 63' lang='grc' dir='ltr'>τ</span> <span class='ocrx_word' id='word_1_140' title='bbox 1218 2975 1326 3057; x_wconf 82' lang='lat' dir='ltr'>Loca</span> <span class='ocrx_word' id='word_1_141' title='bbox 1346 2979 1472 3058; x_wconf 43' lang='lat' dir='ltr'>Terra*</span> <span class='ocrx_word' id='word_1_142' title='bbox 1496 2971 1546 3083; x_wconf 83' lang='lat' dir='ltr'>ad</span> <span class='ocrx_word' id='word_1_143' title='bbox 1564 2972 1664 3058; x_wconf 77' lang='lat' dir='ltr'>diua</span> <span class='ocrx_word' id='word_1_144' title='bbox 1696 2999 1904 3084; x_wconf 77' lang='lat' dir='ltr'>temporat</span> <span class='ocrx_word' id='word_1_145' title='bbox 1927 2975 2001 3060; x_wconf 87' lang='lat' dir='ltr'>hoc</span> 
     </span>
     <span class='ocr_line' id='line_1_21' title="bbox 670 3083 1998 3198; baseline -0.002 -23"><span class='ocrx_word' id='word_1_146' title='bbox 670 3089 745 3174; x_wconf 50' lang='lat' dir='ltr'>”est</span> <span class='ocrx_word' id='word_1_147' title='bbox 762 3150 774 3186; x_wconf 92' lang='lat'>,</span> <span class='ocrx_word' id='word_1_148' title='bbox 793 3119 820 3174; x_wconf 81' lang='grc' dir='ltr'>τ</span> <span class='ocrx_word' id='word_1_149' title='bbox 848 3095 975 3175; x_wconf 89' lang='lat' dir='ltr'>Locus</span> <span class='ocrx_word' id='word_1_150' title='bbox 1008 3094 1134 3198; x_wconf 79' lang='lat' dir='ltr'>Terrae</span> <span class='ocrx_word' id='word_1_151' title='bbox 1163 3085 1202 3168; x_wconf 92' lang='lat' dir='ltr'>in</span> <span class='ocrx_word' id='word_1_152' title='bbox 1233 3083 1521 3172; x_wconf 82' lang='lat' dir='ltr'>observatione</span> <span class='ocrx_word' id='word_1_153' title='bbox 1536 3089 1686 3198; x_wconf 83' lang='lat' dir='ltr'>prima,</span> <span class='ocrx_word' id='word_1_154' title='bbox 1710 3111 1730 3167; x_wconf 86' lang='lat' dir='ltr'>r</span> <span class='ocrx_word' id='word_1_155' title='bbox 1757 3092 1840 3192; x_wconf 87' lang='lat' dir='ltr'>ejus</span> <span class='ocrx_word' id='word_1_156' title='bbox 1875 3089 1998 3174; x_wconf 83' lang='lat' dir='ltr'>Locus</span> 
     </span>
     <span class='ocr_line' id='line_1_22' title="bbox 690 3198 1991 3312; baseline -0.001 -25"><span class='ocrx_word' id='word_1_157' title='bbox 690 3203 730 3287; x_wconf 91' lang='lat' dir='ltr'>in</span> <span class='ocrx_word' id='word_1_158' title='bbox 758 3199 1046 3294; x_wconf 85' lang='lat' dir='ltr'>observatione</span> <span class='ocrx_word' id='word_1_159' title='bbox 1083 3198 1248 3286; x_wconf 84' lang='lat' dir='ltr'>secunda</span> <span class='ocrx_word' id='word_1_160' title='bbox 1266 3260 1291 3300; x_wconf 88' lang='lat'>,.</span> <span class='ocrx_word' id='word_1_161' title='bbox 1309 3205 1347 3283; x_wconf 78' lang='grc' dir='ltr'>δι</span> <span class='ocrx_word' id='word_1_162' title='bbox 1371 3241 1392 3281; x_wconf 63' lang='grc' dir='ltr'><strong><em>τ</em></strong></span> <span class='ocrx_word' id='word_1_163' title='bbox 1414 3202 1453 3284; x_wconf 94' lang='lat' dir='ltr'>in</span> <span class='ocrx_word' id='word_1_164' title='bbox 1482 3203 1607 3284; x_wconf 88' lang='lat' dir='ltr'>tertia.</span> <span class='ocrx_word' id='word_1_165' title='bbox 1677 3201 1802 3308; x_wconf 82' lang='lat' dir='ltr'>Qtod</span> <span class='ocrx_word' id='word_1_166' title='bbox 1843 3201 1991 3312; x_wconf 73' lang='lat' dir='ltr'>fittles</span> 
     </span>
     <span class='ocr_line' id='line_1_23' title="bbox 692 3313 2000 3511; baseline -0.002 -111"><span class='ocrx_word' id='word_1_167' title='bbox 692 3315 997 3404; x_wconf 84' lang='lat' dir='ltr'>Observationes</span> <span class='ocrx_word' id='word_1_168' title='bbox 1024 3343 1106 3401; x_wconf 89' lang='lat' dir='ltr'>non</span> <span class='ocrx_word' id='word_1_169' title='bbox 1125 3315 1291 3415; x_wconf 87' lang='lat' dir='ltr'>dentur,</span> <span class='ocrx_word' id='word_1_170' title='bbox 1308 3313 1566 3399; x_wconf 85' lang='lat' dir='ltr'>inveniendus</span> <span class='ocrx_word' id='word_1_171' title='bbox 1579 3315 1633 3397; x_wconf 90' lang='lat' dir='ltr'>est</span> <span class='ocrx_word' id='word_1_172' title='bbox 1649 3319 1742 3511; x_wconf 60' lang='lat' dir='ltr'>(per</span> <span class='ocrx_word' id='word_1_173' title='bbox 1761 3320 1877 3428; x_wconf 88' lang='lat' dir='ltr'>Prop.</span> <span class='ocrx_word' id='word_1_174' title='bbox 1889 3315 2000 3425; x_wconf 82' lang='lat' dir='ltr'>xxv.)</span> 
     </span>
    </p>
   </div>
   <div class='ocr_carea' id='block_1_9' title="bbox 682 3427 2037 4570">
    <p class='ocr_par' dir='ltr' id='par_1_9' title="bbox 682 3427 2037 4570">
     <span class='ocr_line' id='line_1_24' title="bbox 688 3427 2001 3542; baseline -0.002 -27"><span class='ocrx_word' id='word_1_175' title='bbox 688 3427 874 3515; x_wconf 83' lang='lat' dir='ltr'>Comet&#39;ae</span> <span class='ocrx_word' id='word_1_176' title='bbox 919 3433 1046 3516; x_wconf 86' lang='lat' dir='ltr'>Lotus</span> <span class='ocrx_word' id='word_1_177' title='bbox 1084 3428 1135 3513; x_wconf 84' lang='lat' dir='ltr'>ad</span> <span class='ocrx_word' id='word_1_178' title='bbox 1170 3455 1320 3542; x_wconf 91' lang='lat' dir='ltr'>tempus</span> <span class='ocrx_word' id='word_1_179' title='bbox 1361 3430 1401 3510; x_wconf 92' lang='lat' dir='ltr'>in</span> <span class='ocrx_word' id='word_1_180' title='bbox 1430 3427 1539 3513; x_wconf 77' lang='lat' dir='ltr'>dietis</span> <span class='ocrx_word' id='word_1_181' title='bbox 1577 3456 1653 3511; x_wconf 91' lang='lat' dir='ltr'>con</span> <span class='ocrx_word' id='word_1_182' title='bbox 1686 3429 1871 3513; x_wconf 84' lang='lat' dir='ltr'>itionibus</span> <span class='ocrx_word' id='word_1_183' title='bbox 1907 3457 2001 3514; x_wconf 89' lang='lat' dir='ltr'>cum</span> 
     </span>
     <span class='ocr_line' id='line_1_25' title="bbox 690 3538 2037 3658; baseline -0.005 -26"><span class='ocrx_word' id='word_1_184' title='bbox 690 3545 948 3632; x_wconf 76' lang='lat' dir='ltr'>aiiis&#39;duobus</span> <span class='ocrx_word' id='word_1_185' title='bbox 971 3543 1213 3658; x_wconf 84' lang='lat' dir='ltr'>temporibus</span> <span class='ocrx_word' id='word_1_186' title='bbox 1249 3545 1390 3656; x_wconf 88' lang='lat' dir='ltr'>quibus</span> <span class='ocrx_word' id='word_1_187' title='bbox 1410 3571 1412 3576; x_wconf 87' lang='grc'><em>·</em></span> <span class='ocrx_word' id='word_1_188' title='bbox 1432 3545 1539 3628; x_wconf 88' lang='lat' dir='ltr'>Loca</span> <span class='ocrx_word' id='word_1_189' title='bbox 1563 3569 1735 3652; x_wconf 87' lang='lat' dir='ltr'>congrua</span> <span class='ocrx_word' id='word_1_190' title='bbox 1758 3538 1845 3628; x_wconf 90' lang='lat' dir='ltr'>sunt</span> <span class='ocrx_word' id='word_1_191' title='bbox 1881 3539 2001 3627; x_wconf 86' lang='lat' dir='ltr'>obser·</span> <span class='ocrx_word' id='word_1_192' title='bbox 2034 3601 2037 3608; x_wconf 19' lang='grc' dir='ltr'><strong>Δ</strong></span> 
     </span>
     <span class='ocr_line' id='line_1_26' title="bbox 691 3656 2001 3772; baseline 0.001 -31"><span class='ocrx_word' id='word_1_193' title='bbox 691 3683 798 3743; x_wconf 87' lang='lat' dir='ltr'>vata.</span> <span class='ocrx_word' id='word_1_194' title='bbox 857 3663 1047 3772; x_wconf 85' lang='lat' dir='ltr'>Jungatut</span> <span class='ocrx_word' id='word_1_195' title='bbox 1072 3685 1167 3758; x_wconf 58' lang='lat' dir='ltr'>tv,</span> <span class='ocrx_word' id='word_1_196' title='bbox 1197 3659 1392 3769; x_wconf 90' lang='lat' dir='ltr'>adquam</span> <span class='ocrx_word' id='word_1_197' title='bbox 1425 3685 1474 3740; x_wconf 88' lang='lat' dir='ltr'>ex</span> <span class='ocrx_word' id='word_1_198' title='bbox 1504 3680 1522 3738; x_wconf 88' lang='lat' dir='ltr'>t</span> <span class='ocrx_word' id='word_1_199' title='bbox 1565 3656 1790 3741; x_wconf 86' lang='lat' dir='ltr'>demittatur</span> <span class='ocrx_word' id='word_1_200' title='bbox 1819 3657 2001 3742; x_wconf 85' lang='lat' dir='ltr'>normalis</span> 
     </span>
     <span class='ocr_line' id='line_1_27' title="bbox 691 3767 1988 3884; baseline 0.001 -31"><span class='ocrx_word' id='word_1_201' title='bbox 691 3795 781 3856; x_wconf 86' lang='lat' dir='ltr'>tu:</span> <span class='ocrx_word' id='word_1_202' title='bbox 814 3775 899 3858; x_wconf 86' lang='lat' dir='ltr'>Sint</span> <span class='ocrx_word' id='word_1_203' title='bbox 918 3778 1028 3862; x_wconf 74' lang='lat' dir='ltr'>reetae</span> <span class='ocrx_word' id='word_1_204' title='bbox 1058 3802 1085 3858; x_wconf 82' lang='grc' dir='ltr'>τ</span> <span class='ocrx_word' id='word_1_205' title='bbox 1102 3803 1123 3854; x_wconf 83' lang='lat' dir='ltr'>t</span> <span class='ocrx_word' id='word_1_206' title='bbox 1142 3833 1153 3870; x_wconf 88' lang='lat'>‚</span> <span class='ocrx_word' id='word_1_207' title='bbox 1179 3795 1258 3871; x_wconf 85' lang='lat' dir='ltr'>tc,</span> <span class='ocrx_word' id='word_1_208' title='bbox 1277 3801 1297 3841; x_wconf 85' lang='grc' dir='ltr'><strong><em>τ</em></strong></span> <span class='ocrx_word' id='word_1_209' title='bbox 1318 3797 1337 3854; x_wconf 86' lang='lat' dir='ltr'>o</span> <span class='ocrx_word' id='word_1_210' title='bbox 1360 3799 1435 3856; x_wconf 90' lang='lat' dir='ltr'>tres</span> <span class='ocrx_word' id='word_1_211' title='bbox 1454 3767 1666 3856; x_wconf 72' lang='lat' dir='ltr'>observata&gt;</span> <span class='ocrx_word' id='word_1_212' title='bbox 1688 3771 1988 3884; x_wconf 82' lang='lat' dir='ltr'>Longitudinest</span> 
     </span>
     <span class='ocr_line' id='line_1_28' title="bbox 686 3883 1999 4000; baseline -0.005 -26"><span class='ocrx_word' id='word_1_213' title='bbox 686 3889 829 3974; x_wconf 87' lang='lat' dir='ltr'>dantur</span> <span class='ocrx_word' id='word_1_214' title='bbox 860 3890 974 4000; x_wconf 87' lang='lat' dir='ltr'>igitur</span> <span class='ocrx_word' id='word_1_215' title='bbox 996 3887 1189 4000; x_wconf 80' lang='lat' dir='ltr'>positione</span> <span class='ocrx_word' id='word_1_216' title='bbox 1218 3909 1294 3968; x_wconf 85' lang='lat' dir='ltr'>tres</span> <span class='ocrx_word' id='word_1_217' title='bbox 1323 3887 1381 3970; x_wconf 89' lang='lat' dir='ltr'>hae</span> <span class='ocrx_word' id='word_1_218' title='bbox 1404 3889 1524 3970; x_wconf 73' lang='lat' dir='ltr'>recta.</span> <span class='ocrx_word' id='word_1_219' title='bbox 1566 3885 1610 3966; x_wconf 92' lang='lat' dir='ltr'>In</span> <span class='ocrx_word' id='word_1_220' title='bbox 1644 3883 1778 3968; x_wconf 89' lang='lat' dir='ltr'>harum</span> <span class='ocrx_word' id='word_1_221' title='bbox 1797 3883 1925 3970; x_wconf 89' lang='lat' dir='ltr'>media</span> <span class='ocrx_word' id='word_1_222' title='bbox 1941 3907 1999 3969; x_wconf 83' lang='lat' dir='ltr'>tc</span> 
     </span>
     <span class='ocr_line' id='line_1_29' title="bbox 686 3997 1999 4114; baseline -0.002 -29"><span class='ocrx_word' id='word_1_223' title='bbox 686 4005 859 4112; x_wconf 75' lang='lat' dir='ltr'>eripiatur</span> <span class='ocrx_word' id='word_1_224' title='bbox 893 4029 1090 4114; x_wconf 89' lang='lat' dir='ltr'>utcunque</span> <span class='ocrx_word' id='word_1_225' title='bbox 1145 4005 1330 4114; x_wconf 67' lang='lat' dir='ltr'>punstum</span> <span class='ocrx_word' id='word_1_226' title='bbox 1355 4029 1394 4084; x_wconf 60' lang='lat' dir='ltr'>‘c</span> <span class='ocrx_word' id='word_1_227' title='bbox 1435 4027 1515 4111; x_wconf 87' lang='lat' dir='ltr'>pro</span> <span class='ocrx_word' id='word_1_228' title='bbox 1548 3997 1710 4110; x_wconf 86' lang='lat' dir='ltr'>vestigio</span> <span class='ocrx_word' id='word_1_229' title='bbox 1742 3999 1924 4082; x_wconf 87' lang='lat' dir='ltr'>Cometae</span> <span class='ocrx_word' id='word_1_230' title='bbox 1961 3998 1999 4082; x_wconf 92' lang='lat' dir='ltr'>in</span> 
     </span>
     <span class='ocr_line' id='line_1_30' title="bbox 683 4113 1995 4229; baseline -0.002 -30"><span class='ocrx_word' id='word_1_231' title='bbox 683 4119 804 4229; x_wconf 77' lang='lat' dir='ltr'>plano</span> <span class='ocrx_word' id='word_1_232' title='bbox 835 4119 1057 4226; x_wconf 82' lang='lat' dir='ltr'>Eeiiptitae:</span> <span class='ocrx_word' id='word_1_233' title='bbox 1086 4119 1142 4208; x_wconf 81' lang='lat' dir='ltr'>Ex</span> <span class='ocrx_word' id='word_1_234' title='bbox 1171 4143 1193 4197; x_wconf 89' lang='lat' dir='ltr'><strong>c</strong></span> <span class='ocrx_word' id='word_1_235' title='bbox 1221 4113 1271 4198; x_wconf 85' lang='lat' dir='ltr'>ad</span> <span class='ocrx_word' id='word_1_236' title='bbox 1303 4113 1495 4224; x_wconf 85' lang='lat' dir='ltr'>Etiipticae</span> <span class='ocrx_word' id='word_1_237' title='bbox 1531 4113 1688 4225; x_wconf 86' lang='lat' dir='ltr'>pianum</span> <span class='ocrx_word' id='word_1_238' title='bbox 1717 4116 1884 4224; x_wconf 84' lang='lat' dir='ltr'>erigatur</span> <span class='ocrx_word' id='word_1_239' title='bbox 1908 4139 1995 4196; x_wconf 91' lang='lat' dir='ltr'>not·</span> 
     </span>
     <span class='ocr_line' id='line_1_31' title="bbox 682 4225 1990 4339; baseline -0.002 -27"><span class='ocrx_word' id='word_1_240' title='bbox 682 4231 795 4312; x_wconf 86' lang='lat' dir='ltr'>malis</span> <span class='ocrx_word' id='word_1_241' title='bbox 823 4236 924 4314; x_wconf 72' lang='lat' dir='ltr'>resta</span> <span class='ocrx_word' id='word_1_242' title='bbox 946 4259 967 4311; x_wconf 94' lang='lat' dir='ltr'>c</span> <span class='ocrx_word' id='word_1_243' title='bbox 988 4259 1012 4314; x_wconf 66' lang='lat' dir='ltr'>r</span> <span class='ocrx_word' id='word_1_244' title='bbox 1037 4231 1193 4338; x_wconf 83' lang='lat' dir='ltr'>aequalis</span> <span class='ocrx_word' id='word_1_245' title='bbox 1231 4231 1405 4339; x_wconf 86' lang='lat' dir='ltr'>tangenti</span> <span class='ocrx_word' id='word_1_246' title='bbox 1429 4252 1532 4314; x_wconf 86' lang='lat' dir='ltr'>notae</span> <span class='ocrx_word' id='word_1_247' title='bbox 1557 4225 1790 4334; x_wconf 84' lang='lat' dir='ltr'>Latitudinis</span> <span class='ocrx_word' id='word_1_248' title='bbox 1811 4226 1990 4323; x_wconf 74' lang='lat' dir='ltr'>Cometae</span> 
     </span>
     <span class='ocr_line' id='line_1_32' title="bbox 682 4337 1996 4453; baseline 0 -27"><span class='ocrx_word' id='word_1_249' title='bbox 682 4343 724 4426; x_wconf 92' lang='lat' dir='ltr'>in</span> <span class='ocrx_word' id='word_1_250' title='bbox 751 4341 1035 4426; x_wconf 79' lang='lat' dir='ltr'>observatione</span> <span class='ocrx_word' id='word_1_251' title='bbox 1055 4337 1248 4436; x_wconf 83' lang='lat' dir='ltr'>secunda,</span> <span class='ocrx_word' id='word_1_252' title='bbox 1274 4341 1480 4453; x_wconf 85' lang='lat' dir='ltr'>posrtotc</span> <span class='ocrx_word' id='word_1_253' title='bbox 1514 4338 1623 4424; x_wconf 86' lang='lat' dir='ltr'>radio</span> <span class='ocrx_word' id='word_1_254' title='bbox 1651 4371 1660 4419; x_wconf 90' lang='lat' dir='ltr'>t</span> <span class='ocrx_word' id='word_1_255' title='bbox 1684 4343 1935 4451; x_wconf 65' lang='lat' dir='ltr'>Jungantuty</span> <span class='ocrx_word' id='word_1_256' title='bbox 1955 4367 1996 4440; x_wconf 74' lang='grc' dir='ltr'>ε,</span> 
     </span>
     <span class='ocr_line' id='line_1_33' title="bbox 682 4449 1996 4570; baseline -0.004 -28"><span class='ocrx_word' id='word_1_257' title='bbox 682 4483 769 4555; x_wconf 82' lang='lat' dir='ltr'>cs,</span> <span class='ocrx_word' id='word_1_258' title='bbox 794 4457 833 4538; x_wconf 92' lang='lat' dir='ltr'>in</span> <span class='ocrx_word' id='word_1_259' title='bbox 862 4453 1024 4570; x_wconf 87' lang='lat' dir='ltr'>quatum</span> <span class='ocrx_word' id='word_1_260' title='bbox 1059 4454 1195 4538; x_wconf 85' lang='lat' dir='ltr'>ultima</span> <span class='ocrx_word' id='word_1_261' title='bbox 1222 4451 1350 4540; x_wconf 86' lang='lat' dir='ltr'>versus</span> <span class='ocrx_word' id='word_1_262' title='bbox 1380 4485 1398 4538; x_wconf 93' lang='lat' dir='ltr'>s</span> <span class='ocrx_word' id='word_1_263' title='bbox 1430 4449 1596 4539; x_wconf 87' lang='lat' dir='ltr'>sumatur</span> <span class='ocrx_word' id='word_1_264' title='bbox 1629 4479 1703 4536; x_wconf 82' lang='lat' dir='ltr'>co</span> <span class='ocrx_word' id='word_1_265' title='bbox 1738 4482 1826 4566; x_wconf 84' lang='lat' dir='ltr'>quae</span> <span class='ocrx_word' id='word_1_266' title='bbox 1861 4451 1907 4544; x_wconf 83' lang='lat' dir='ltr'>stt</span> <span class='ocrx_word' id='word_1_267' title='bbox 1947 4452 1996 4538; x_wconf 89' lang='lat' dir='ltr'>ad</span> 
     </span>
    </p>
   </div>
   <div class='ocr_carea' id='block_1_10' title="bbox 680 4561 1993 4775">
    <p class='ocr_par' dir='ltr' id='par_1_10' title="bbox 680 4561 1993 4775">
     <span class='ocr_line' id='line_1_34' title="bbox 680 4561 1993 4768; baseline -0.002 -114"><span class='ocrx_word' id='word_1_268' title='bbox 680 4594 698 4654; x_wconf 88' lang='lat' dir='ltr'>t</span> <span class='ocrx_word' id='word_1_269' title='bbox 713 4598 754 4676; x_wconf 67' lang='lat' dir='ltr'>tt</span> <span class='ocrx_word' id='word_1_270' title='bbox 786 4597 923 4662; x_wconf 82' lang='lat' dir='ltr'>notatu</span> <span class='ocrx_word' id='word_1_271' title='bbox 948 4568 1126 4684; x_wconf 87' lang='lat' dir='ltr'>(quippe</span> <span class='ocrx_word' id='word_1_272' title='bbox 1157 4569 1244 4660; x_wconf 88' lang='lat' dir='ltr'>noti</span> <span class='ocrx_word' id='word_1_273' title='bbox 1265 4569 1380 4660; x_wconf 76' lang='lat' dir='ltr'>-arcbs</span> <span class='ocrx_word' id='word_1_274' title='bbox 1401 4592 1462 4658; x_wconf 78' lang='lat' dir='ltr'>tt</span> <span class='ocrx_word' id='word_1_275' title='bbox 1495 4567 1617 4660; x_wconf 86' lang='lat' dir='ltr'>finum</span> <span class='ocrx_word' id='word_1_276' title='bbox 1648 4565 1835 4681; x_wconf 86' lang='lat' dir='ltr'>versum)</span> <span class='ocrx_word' id='word_1_277' title='bbox 1864 4561 1993 4768; x_wconf 35' lang='lat' dir='ltr'>iiddo-</span> 
     </span>
     <span class='ocr_line' id='line_1_35' title="bbox 1954 4705 1991 4775; baseline 0 0"><span class='ocrx_word' id='word_1_278' title='bbox 1954 4705 1991 4775; x_wconf 76' lang='lat' dir='ltr'>sil</span> 
     </span>
    </p>
   </div>
   <div class='ocr_carea' id='block_1_11' title="bbox 0 0 2177 5684">
    <p class='ocr_par' dir='ltr' id='par_1_11' title="bbox 0 0 2177 5684">
     <span class='ocr_line' id='line_1_36' title="bbox 0 0 2177 5684; baseline 0 0"><span class='ocrx_word' id='word_1_279' title='bbox 0 0 2177 5684; x_wconf 95' lang='lat' dir='ltr'> </span> 
     </span>
    </p>
   </div>
  </div>
 </body>
</html>
