4420 5692
732 628 810 701 492.
944 593 1474 674 AsTRoNoMIAE
1529 591 1875 671 ennena

733 729 879 826 Lunae,
905 727 1034 841 primo*
1061 721 1162 834 (pet
1187 725 1484 814 correctionem
1508 727 1655 838 ptaec.)
1680 755 1878 842 aequatus,
1919 727 2037 811 etiam

734 872 804 962 per
842 846 1117 955 AEquationem
1161 837 1261 922 hanc
1301 841 1538 927 Menstruam
1578 837 1765 948 secundo⁸
1784 843 2038 955 corrigendus

735 963 802 1047 est.
844 953 1093 1070 AEquationis
1127 951 1238 1054 hujus
1263 955 1459 1062 quantitas
1485 985 1556 1066 pto
1571 956 1729 1041 diversis
1755 962 1872 1043 Lunae
1896 956 1948 1040 ad
1971 961 2039 1041 So·

735 1085 812 1163 lem
840 1071 1064 1188 Aspedtibus
1092 1066 1311 1179 colligenda
1327 1073 1381 1152 est
1398 1097 1446 1151 ex
1466 1073 1609 1185 Propp.
1642 1097 1833 1168 v111‚xx
1862 1077 1902 1154 δι
1930 1089 2039 1155 xxv:

735 1190 813 1279 Sed
838 1195 877 1271 &
907 1187 1018 1272 tertii
1052 1213 1151 1298 opus
1176 1186 1229 1266 est
1248 1185 1489 1293 AEquatione
1518 1185 1568 1270 ad
1590 1185 1755 1299 Apogaei
1783 1191 1934 1271 Locum
1958 1187 2038 1298 ple·

733 1333 785 1393 ne
814 1301 1127 1386 remficandum:
1155 1298 1319 1410 Apogaei
1347 1299 1449 1382 enim
1475 1303 1641 1398 Motus,
1681 1301 1759 1386 five
1784 1298 2037 1414 progressivut

734 1421 815 1506 five
847 1415 1092 1528 regmffivm,
1118 1416 1241 1518 major
1263 1412 1315 1494 est
1341 1413 1408 1496 vel
1434 1414 1564 1496 minor
1586 1440 1659 1525 pro
1688 1415 1839 1498 minore
1868 1439 1936 1496 aut
1960 1441 2039 1497 ma·
2108 1495 2114 1508 ,

734 1537 818 1641 jore
851 1531 1041 1614 Distantia
1068 1533 1192 1610 Tettae
1224 1523 1248 1608 i
1273 1528 1367 1610 Sole
1392 1559 1406 1614 t
1440 1529 1572 1640 estque
1603 1529 1685 1633 ejus
1704 1529 1897 1630 ¹uelocitas
1925 1526 1943 1636 (
1970 1553 2039 1638 pet

735 1653 854 1758 Prop.
884 1651 1016 1745 xtx.)
1043 1645 1082 1726 in
1113 1641 1302 1752 triplicata
1333 1642 1486 1726 ratione
1511 1641 1702 1726 Diametri
1726 1641 1944 1755 apparentis
1966 1643 2038 1725 So·

736 1763 815 1847 list
850 1757 1049 1870 Adeoque
1087 1757 1165 1838 haec
1201 1755 1252 1839 ab
1291 1753 1503 1840 Anomalia
1533 1759 1659 1842 Terroe
1692 1757 1820 1840 media
1862 1755 2037 1868 pendet,

737 1873 831 1960 sicut
867 1868 1001 1956 Mottis
1022 1871 1140 1954 medii
1176 1869 1397 1973 comedin,
1428 1869 1479 1952 de
1514 1896 1592 1981 qua
1619 1867 1741 1982 supra.
1799 1871 1889 1974 Ejus
1919 1895 2038 1982 quan·

737 1991 825 2073 titas
857 2013 930 2099 pro
963 1983 1180 2070 Anomaliae
1203 1981 1325 2097 gradu
1349 2011 1429 2097 ope
1456 1987 1600 2096 Propp.
1630 2012 1829 2085 x1x‚xx
1862 1989 2038 2069 dcxxv.
2133 1995 2137 2002 '

737 2102 902 2190 eiicitur.

750 2289 754 2294 .
796 2217 983 2323 Qinm,
1021 2213 1169 2298 Orbita
1206 2213 1368 2299 Lunaris
1392 2211 1672 2300 Exceutricitas
1699 2238 1892 2328 perpetua
1918 2238 2038 2300 muta·

739 2330 837 2418 tioni
865 2328 1041 2415 obnoxia
1065 2329 1144 2426 est,
1176 2331 1216 2411 δι
1247 2329 1474 2412 mutationis
1498 2328 1609 2432 hujus
1640 2329 1779 2412 eadem
1810 2323 1909 2414 sunt*
1927 2334 2039 2414 Tem·

605 2543 616 2556 .
737 2469 835 2562 pora
860 2471 946 2554 quae
974 2438 1105 2526 motds
1135 2438 1357 2555 progreffivi
1384 2445 1425 2524 dc
1456 2441 1646 2554 tegtesfivi
1669 2441 1847 2556 Apogaei.
1881 2443 2038 2556 Quippe

737 2563 850 2674 (per
879 2562 996 2670 Prop.
1030 2565 1183 2660 x111.)
1215 2556 1242 2640 fi
1272 2555 1461 2666 integram
1489 2559 1748 2667 Lunationeflt
1773 2585 1861 2640 cum
1891 2557 2038 2668 integra

740 2671 962 2763 Lunatione
1003 2669 1204 2766 conferas,
1243 2671 1520 2752 Excentticitas
1538 2672 1705 2753 maxima
1734 2671 1788 2755 est
1817 2697 1906 2753 cum
1933 2667 2039 2783 Apfi·

743 2787 814 2869 des
839 2779 993 2866 suntin
1020 2783 1221 2894 Syzygiis,
1260 2782 1418 2865 minima
1452 2809 1540 2867 cum
1573 2785 1646 2868 illae
1669 2780 1755 2868 sunt
1790 2784 1830 2868 in
1858 2784 2035 2892 Qtadris.

742 2903 795 2988 Et
823 2899 863 2982 in
897 2922 973 2979 una
998 2897 1219 2983 Lunatione
1246 2894 1351 3006 (per
1388 2901 1503 3009 Prop.
1534 2901 1658 3008 xtt.)
1682 2899 1845 2982 maxima
1872 2901 1926 2980 est
1952 2923 2038 2982 cum

704 3045 714 3066 ¹
741 3017 853 3102 Luna
880 3009 1064 3123 Syzygias
1088 3034 1218 3110 tenet,
1251 3008 1409 3094 minima
1438 3039 1526 3095 cum
1552 3011 1632 3096 haec
1657 3014 1697 3095 in
1730 3010 1898 3117 Quadris
1919 3007 2039 3097 versa·
2090 3061 2095 3072 ·

741 3151 806 3220 tur
828 3157 837 3205 ε
863 3153 921 3206 ex.
949 3153 1010 3233 gr.
1026 3112 1176 3208 Mense
1207 3152 1289 3237 quo
1311 3124 1475 3236 Apstdes
1493 3127 1678 3238 Syzygias
1709 3151 1873 3223 tenent,
1897 3128 2039 3210 Excen·

743 3243 888 3327 tricitas
918 3239 1127 3336 minuitur,
1164 3264 1253 3324 cum
1284 3233 1362 3348 ipsa
1387 3244 1495 3322 Luna
1526 3241 1577 3324 ad
1604 3238 1812 3350 Quadram
1835 3241 2037 3352 pervenit,

739 3355 902 3470 quando
929 3353 1085 3436 minima
1108 3353 1162 3438 est
1190 3350 1366 3436 omnium
1397 3354 1435 3436 in
1458 3353 1524 3437 ista
1554 3354 1785 3438 lunatione.
1845 3351 2039 3438 Similiter·

741 3500 843 3580 que,
868 3469 1048 3578 Apogaeo
1082 3470 1124 3550 in
1151 3465 1398 3575 Qadratuta
1425 3495 1513 3550 cum
1539 3468 1629 3551 Sole
1658 3462 1864 3564 versante,¹
1895 3471 2040 3550 Exten-

743 3583 887 3670 tricitas
921 3581 1104 3682 hactenus
1139 3605 1258 3689 parva
1300 3579 1514 3680 minuitur,
1555 3581 1649 3664 dum
1677 3583 1785 3667 Luna
1814 3580 1838 3666 a
1867 3581 2039 3693 Syzygiis

740 3695 793 3782 ad
832 3694 1096 3808 Qadraturas
1134 3695 1327 3806 pervenit.
1386 3696 1703 3780 Excentricitates
1741 3695 1857 3805 igitur
1892 3695 2038 3778 Orbitae

740 3805 921 3923 Aspectui
952 3807 1116 3923 Apogaei
1148 3810 1308 3895 Lunatis
1342 3835 1520 4000 corpgruae
1557 3809 1595 3892 in
1632 3809 1801 3892 Tabulas
1835 3803 2039 3918 disponun-

740 3947 826 4019 tut,
858 3922 1085 4034 &quidem
1116 3920 1328 4004 commode
1363 3920 1402 4000 in

1420 3945 1576 4004 eruntut
1603 3923 1627 4007 ὲ
1659 3923 1818 4032 regione
1839 3923 2039 4032 AEquatio·

740 4063 836 4128 num
856 4035 969 4148 ipfius
1003 4033 1167 4144 Apogaei
1199 4029 1419 4118 abeodem
1454 4031 1621 4146 Aspedtu
1650 4034 1933 4149 pendentium,
1956 4061 2039 4117 ean·

599 4229 604 4253 ,
741 4147 911 4259 demque
953 4145 1058 4259 quast
1109 4171 1197 4234 cum
1240 4146 1316 4228 illis
1355 4146 1545 4232 Tabulam
1575 4151 1823 4232 constituunt.
1880 4151 2037 4244 Porro,

741 4263 1058 4350 Excentricitates
1085 4260 1143 4343 hae
1168 4253 1288 4349 rursus
1315 4262 1551 4373 corrigenda
1575 4256 1659 4346 sunt
1678 4290 1748 4374 per
1760 4262 2038 4374 ffiquationem

741 4375 972 4470 Menstruam
994 4375 1229 4486 pendentem
1252 4371 1275 4458 ὲ
1300 4375 1488 4462 Distantia
1513 4371 1674 4460 Lunaeai
1703 4374 1905 4486 Syzygiis:
1931 4376 2038 4456 Nam

739 4485 853 4584 Luna,
872 4490 915 4572 in
946 4490 1121 4602 syzygiis
1146 4485 1320 4580 :versante
1337 4489 1354 4600 (
1373 4490 1515 4575 caeteris
1545 4487 1733 4599 paribus)
1763 4487 2039 4580 Excentricitas

602 4628 606 4636 ’
740 4603 915 4728 maxima
944 4605 1009 4694 est·
1066 4601 1147 4698 sed
1183 4605 1225 4692 ἃ
1256 4602 1532 4725 Extentricitat
1565 4597 1615 4715 stc
1652 4627 1802 4717 aequata
1832 4596 1954 4690 rursus
1987 4629 2037 4684 ex

1889 4715 2036 4827 Propp.
