4322 5686
261 541 731 656 acroamata
753 543 1091 632 azauavrr.
1117 531 1272 634 nava
1301 537 1331 646 s,
1369 575 1443 650 707

126 679 207 767 l'cre
229 679 350 792 triplo
372 683 547 766 lariorern
574 703 702 795 quarn·
719 681 884 766 eamdem
909 685 1112 769 Terricolte
1135 687 1270 771 vident
1299 745 1312 785 ,
1351 691 1443 795 quia

126 795 385 979 (Pef.p¹'⁰lff·
417 802 511 919 ij
549 795 589 874 uc
607 817 734 876 aua.
772 789 857 874 Lib.
889 795 940 914 r.)
971 796 1180 877 Mercurius
1204 793 1444 924 ‘feretriplo

124 901 795 1118 lldldrlrrioevissulhlellluntllorfrrlldldr
822 901 1013 1121 estldlrlren
1028 899 1445 1124 edullldllisldlasddieg

117 1121 164 1196 uc
195 1121 289 1225 (pet
319 1118 440 1226 Prop.
470 1142 631 1202 xavau.
662 1117 747 1202 Lib.
785 1117 849 1212 1.)
882 1114 1057 1228 septuplo
1088 1123 1233 1227 majore
1267 1121 1443 1202 luces&

123 1224 305 1322 Calore,
349 1227 491 1309 caeteris
524 1225 713 1336 paribus,
758 1225 893 1310 fruitur
921 1229 1131 1332 Mercurius
1159 1255 1274 1358 quarn
1309 1229 1439 1310 Terra.

119 1330 178 1415 Ar
207 1331 412 1436 qrralitates
443 1333 500 1417 hae
534 1335 700 1418 mltum
731 1334 980 1420 intenduntur
1012 1341 1052 1418 &
1092 1361 1334 1422 remittuntur
1369 1363 1443 1444 pro

119 1436 269 1522 diversa
301 1443 486 1524 Mercurii·
518 1442 541 1525 ὲ
577 1445 669 1526 Sole
690 1443 862 1534 distantia
892 1479 903 1536 ς
945 1474 1047 1530 narn
1077 1445 1186 1550 hujus
1218 1445 1355 1528 Orbita
1389 1445 1444 1526 est

120 1548 295 1632 omnium
318 1549 635 1636 multo'nlaxime
653 1552 879 1666 excentrica.
897 1621 899 1628 .

175 1768 357 1853 Gravitas
394 1769 653 1853 acceleratn'nv
670 1770 800 1854 versus
821 1771 950 1856 Solcrn
976 1771 1091 1858 etiam
1117 1769 1298 1886 septuplo
1320 1772 1443 1875 major

117 1877 174 1960 est
209 1877 287 1960 illic
320 1905 438 1990 quarn
470 1878 543 1962 hic.
627 1881 807 1964 Mercurii
845 1879 1040 1978 (lenitas,
1092 1885 1135 1964 dc
1168 1879 1469 1994 consequenter,

118 2013 334 2095 corporum
351 1987 391 2068 in
420 1979 613 2096 superficie
631 1987 840 2100 pofitorum
867 1992 1033 2100 gravitas
1054 1991 1295 2074 acceleratiix
1315 1981 1443 2070 versus

115 2095 199 2196 ejus
225 2116 396 2176 centrum
425 2098 497 2192 (ex
524 2100 948 2208 Corol.l³rop.xr.1x.
976 2099 1061 2182 Lib.
1090 2099 1186 2195 111.)
1216 2099 1441 2212 colligeturs

114 2201 209 2283 licet
246 2202 369 2312 minus
406 2229 580 2310 accurate
608 2233 725 2318 quarn
759 2203 1118 2318 firpradidlaversus
1148 2209 1310 2306 Solem,
1380 2207 1442 2288 uia

119 2333 273 2393 tantum
297 2309 535 2422 analogice.v
593 2319 738 2448 Verugr
775 2311 946 2398 dehisce
974 2315 1035 2397 hic
1063 2321 1101 2398 δι
1128 2317 1167 2398 in
1199 2311 1368 2430 sequenti
1398 2341 1445 2422 us

116 2418 363 2517 tacebimus,
432 2422 547 2534 uippe
577 2451 663 2535 qua
693 2422 758 2504 ad‘
774 2423 1029 2506 Phanomena
1073 2423 1257 2508 Caelestia
1285 2419 1441 2525 (solai

118 2523 335 2632 nobishoc
356 2445 508 2615 inloco
531 2531 831 2630 confideranda)
869 2531 961 2615 nihil
989 2535 1162 2616 attinent.

118 2769 121 2776 ·
173 2745 364 2832 Nondum
398 2777 466 2861 per
500 2744 788 2836 observationes
812 2759 1061 2862 'compertum
1084 2751 1141 2856 eli,
1158 2778 1206 2833 an
1232 2749 1442 2835 Mercurius
1472 2746 1475 2777 ¹

114 2855 217 2940 circa
239 2859 435 2968 proprium
458 2857 585 2943 Axem
614 2886 787 2960 rotetur,
834 2865 874 2942 δι
896 2859 985 2942 ideo
1008 2875 1114 2967 ce'rto
1140 2857 1287 2947 definiri
1307 2857 1442 2966 nequit

117 2993 212 3046 nurn
236 2965 418 3062 ‚Oculo
441 2969 480 3050 in
505 2969 585 3076 ejus
607 2967 799 3082 superficie
823 2966 948 3080 pofito
971 3027 984 3065 ,
1026 2951 1155 3050 dnlnia
1191 2990 1296 3049 extra
1321 2963 1442 3075 polita

117 3097 231 3154 motu
256 3075 449 3158 contrario
481 3079 633 3160 revolvi
656 3077 860 3162 videantur
887 3131 898 3158 ‚
939 3077 1015 3160 hoc
1041 3076 1092 3158 est
1112 3094 1130 3174 ,‘
1167 3103 1258 3158 num
1283 3075 1372 3158 Diei
1401 3077 1475 3182 &3

113 3181 257 3264 Noctis
290 3179 504 3268 vicissitudo
545 3185 632 3268 illic·
664 3187 902 3298 contingat,
942 3187 1065 3266 multo
1089 3185 1211 3265 minus
1244 3181 1442 3289 quodnam

113 3287 159 3372 fit
192 3287 471 3396 Nychthemeri
506 3290 665 3402 spatium
690 3326 701 3382 ς
763 3297 818 3377 ita
845 3315 970 3374 autern
998 3289 1078 3373 lieri
1102 3285 1185 3372 satis
1212 3299 1299 3372 tuto
1322 3287 1443 3390 conji-

114 3425 202 3481 cere
228 3397 358 3497 licet,
403 3427 489 3482 curn
522 3405 562 3484 in
584 3403 739 3513 reliquis
769 3400 933 3483 Planetis
961 3397 1056 3480 istud
1080 3398 1282 3482 obtineat:
1339 3397 1443 3476 Mer·

115 3507 211 3590 curii
250 3533 348 3590 vero
388 3505 527 3591 Annus
560 3510 627 3592 vix
668 3507 919 3620 quadrantem
953 3507 1058 3588 Anni
1096 3507 1211 3589 nostri
1253 3503 1441 3614 adaequat.

115 3613 183 3698 An
210 3641 308 3696 vero
331 3617 455 3698 varias
481 3616 586 3699 Anni
619 3619 856 3726 tempestates
888 3616 1052 3724 patiatur
1089 3611 1297 3697 Mercurius
1323 3611 1443 3693 incer-

117 3747 203 3803 tum
234 3722 388 3820 etiarn,
427 3727 572 3836 quippe
604 3751 689 3834 quae
724 3723 894 3836 pendent
930 3725 978 3806 ab
1023 3724 1157 3835 ignora
1196 3721 1443 3805 inclinatione

115 3830 198 3912 axis
237 3887 251 3925 ,
300 3827 409 3942 super
426 3856 556 3942 ·quenr
589 3833 799 3915 Mercurius
829 3833 867 3914 in
900 3826 1055 3940 seipsum
1094 3830 1351 3927 revolvitur,
1393 3823 1444 3908 ad

118 3935 279 4048 planum
295 3939 441 4022 Orbitae
468 3967 585 4052 quarn
610 3941 708 4023 circa
729 3939 860 4026 Solem
878 3935 1065 4025 describit.

173 4153 321 4236 Oculus
345 4155 384 4236 in
413 4159 608 4240 Mercurio
631 4157 762 4240 Solem
789 4149 1021 4268 respiciens,
1062 4159 1163 4241 Solis
1192 4157 1354 4239 Maculis
1391 4148 1444 4253 (li

116 4289 206 4373 quae
228 4257 332 4356 lint)
371 4289 473 4348 nunc
507 4265 550 4348 in
580 4265 680 4348 linea
719 4269 819 4348 reda
845 4261 987 4348 discum
1016 4265 1095 4367 ejus
1134 4266 1362 4370 trajicientes
1392 4260 1443 4342 ab

117 4393 209 4460 ortu
246 4367 486 4462 inoccalum
507 4433 523 4476 ,
547 4383 667 4476 'nunc
706 4401 835 4462 canun
872 4375 978 4462 viana
1010 4372 1262 4486 Ellipticam,
1308 4373 1349 4458 in
1377 4369 1444 4559 had
1498 4423 1502 4432 ,

1378 4505 1403 4560 V
