4322 5686
710 627 783 714 674
931 609 1458 694 astronomo
1516 607 1861 688 narrata
1918 653 1924 664 ·

577 793 643 852 rar.
656 799 699 848 ιι
710 770 813 846 ctum
835 781 860 854 2
878 789 932 861 c,
959 757 1007 844 ei
1032 760 1119 872 lege
1142 782 1186 842 ut
1218 757 1396 842 distantia
1418 798 1439 838 e
1454 774 1478 846 2
1496 785 1518 842 c
1536 755 1581 842 srt
1598 755 1650 840 ad
1672 753 1889 842 distantiam
1904 793 1925 836 ι
1942 756 2021 841 cin

602 871 690 948 ΕΜ·
706 883 860 962 ratione
885 874 1101 988 composita
1128 901 1177 958 ex
1204 871 1394 955 rationez
1417 871 1470 956 ad
1496 897 1523 953 a
1542 899 1567 954 u
1586 875 1627 954 δι
1651 873 1803 955 tatione
1826 868 2021 1006 subdupli·

707 1017 795 1076 cata
824 1017 877 1074 rc
901 988 953 1074 ad
975 1009 1032 1078 s2
1054 1016 1091 1073 c.
1131 981 1280 1085 Causa,
1305 1012 1373 1069 cur
1393 986 1499 1098 prior
1515 987 1617 1072 ratio
1647 1012 1890 1098 componens
1916 987 2025 1070 adba-

705 1106 854 1202 betut,
879 1100 1076 1186 manifesta
1101 1101 1155 1186 est
1187 1129 1238 1184 ex
1275 1100 1462 1211 praedidis
1495 1132 1505 1179 ε
1545 1126 1635 1184 nam
1662 1127 1754 1182 cum
1782 1099 2018 1187 invenienda

705 1220 752 1306 fit
773 1245 832 1302 nu
856 1245 942 1332 quae
966 1215 1011 1300 stt
1031 1241 1252 1328 congruaez
1278 1214 1465 1327 aqualis,
1491 1213 1519 1296 sr
1545 1214 1612 1297 illa
1635 1212 1708 1297 hic
1737 1210 1783 1297 stt
1803 1217 1928 1318 major
1950 1237 2020 1298 aut

705 1337 857 1431 minor,
901 1329 1111 1418 minuenda
1142 1329 1216 1414 etit
1246 1353 1315 1413 aut
1336 1325 1678 1441 augendadonec·
1697 1327 1864 1440 aquales
1895 1328 2020 1420 fiante

703 1447 837 1533 sonent
859 1469 990 1529 autern
1024 1445 1192 1557 aquales
1221 1471 1289 1555 pet
1317 1437 1438 1526 solam
1480 1443 1649 1554 priorem
1692 1444 1883 1526 rationem
1912 1469 2021 1527 com·

707 1583 963 1674 ponentem,
1000 1553 1190 1644 srzesset
1222 1560 1397 1642 constans
1431 1562 1472 1640 dc
1501 1556 1738 1639 invariabilis
1765 1583 1884 1638 :cum
1916 1573 2019 1643 vero

705 1702 780 1810 pro
806 1669 954 1754 diversa
994 1698 1059 1755 au
1091 1668 1240 1756 diversa
1267 1696 1459 1783 perpetuo
1487 1671 1698 1781 proveniat
1723 1669 1932 1781 longitudo
1959 1698 2022 1771 z,

704 1789 800 1876 adeo
816 1782 982 1876 secunda
1008 1787 1331 1900 componentium
1357 1780 1563 1869 necessaria
1588 1785 1654 1869 est.
1689 1785 1857 1868 Constat
1885 1811 2022 1870 autem

706 1906 792 2012 (ex
822 1911 940 2014 Prop.
968 1927 1052 1986 xx1
1069 1909 1159 2000 11.)
1198 1899 1311 2012 quod
1336 1901 1375 1980 in
1415 1899 1645 1995 parabolis,
1688 1925 1845 1980 arcuum
1874 1925 1946 1984 ac
1969 1931 2020 1998 ιι,

705 2036 780 2110 2a
817 2035 880 2106 2c
914 2014 1684 2128 2u‚inquibusaequamutcu,2c
1719 2011 2020 2100 znadsocum

704 2130 914 2216 tendentes
939 2129 1041 2214 inter
1079 2129 1267 2214 verticem
1304 2133 1345 2210 dc
1379 2126 1569 2212 chordam
1608 2127 1872 2238 intercepte,
1930 2124 2021 2241 ipse

704 2243 862 2330 chorda
883 2238 970 2328 sunt
1003 2243 1046 2328 in
1075 2237 1343 2352 subduplieata
1381 2243 1533 2324 ratione
1568 2243 1755 2324 rectarum
1779 2267 1867 2340 rc,
1892 2262 2020 2336 suet

703 2363 747 2442 dt
787 2354 956 2469 superius
999 2359 1054 2441 est
1100 2349 1291 2440 ostensum
1328 2358 1464 2444 redas,
1483 2381 1509 2437 c
1525 2379 1587 2453 ι),
1628 2372 1694 2444 2c
1727 2374 1805 2443 21>
1835 2353 2020 2444 essefere

700 2473 901 2586 aequales,
928 2465 1083 2584 (spatia
1106 2498 1248 2582 nempe
1273 2497 1343 2582 per
1366 2497 1453 2582 quae
1478 2471 1651 2554 Cometa
1673 2468 1855 2553 cadendo
1887 2467 2021 2560 versus

702 2589 838 2671 Solem
864 2587 904 2668 in
929 2584 1088 2670 diversis
1106 2585 1157 2668 ab
1182 2584 1252 2670 iilo
1282 2584 1469 2668 distantiis
1498 2582 1641 2668 eodem
1659 2609 1837 2695 tempore
1863 2612 2019 2696 percur-

702 2723 841 2799 reret,
865 2699 954 2810 )&·
975 2701 1094 2789 etiam
1119 2698 1322 2814 vestigium
1347 2699 1528 2784 Cometa
1559 2696 1600 2780 in
1642 2691 1929 2784 observatione
1962 2700 2019 2788 se·

701 2813 833 2901 cunda
861 2813 1082 2925 proximum
1104 2809 1177 2897 esse
1208 2813 1344 2898 vertici
1364 2810 1474 2900 arctis
1502 2837 1649 2910 acu,
1676 2805 1725 2894 sc.
1754 2815 1902 2926 vestigii
1928 2845 2019 2929 pot.

703 2929 824 3013 tionis
847 2928 1090 3032 Trajedotiae
1118 2925 1140 3011 i
1166 2929 1338 3011 Cometa
1361 2928 1463 3011 inter
1497 2921 1821 3024 observationem
1854 2930 2016 3042 primam

703 3043 922 3126 &tertiam
950 3033 1160 3156 descripte.
1203 3039 1282 3130 Sed
1307 3045 1348 3123 dt
1376 3045 1556 3155 puntium
1587 3058 1611 3128 2
1634 3065 1680 3158 c⁸
1696 3040 1782 3124 hoc·
1800 3041 1924 3126 modo
1959 3049 2015 3129 in·

656 3241 660 3248 ,
703 3179 867 3266 ventum
890 3181 972 3238 non
989 3182 1062 3267 pro
1089 3181 1272 3240 accurato
1287 3155 1467 3241 Cometa
1493 3153 1656 3266 vestigio
1682 3154 1722 3238 in
1750 3155 1868 3264 plano
1892 3159 2015 3272 Eciip

566 3357 571 3376 ,
703 3271 788 3402 titae
815 3269 1067 3371 venditatur,
1092 3265 1158 3354 sed
1179 3296 1253 3384 pro
1281 3269 1363 3359 sere
1386 3299 1484 3360 veto
1508 3273 1549 3357 δι
1576 3271 1627 3358 ab
1646 3293 1830 3363 accurato
1859 3298 1940 3356 non
1957 3276 2016 3358 ni·

705 3411 780 3470 mis
801 3409 972 3470 remoto.
1059 3439 1064 3444 -

777 3497 924 3587 Eidem
952 3495 1145 3590 methodo
1186 3497 1508 3594 determinabitur
1530 3505 1767 3612 pundium3
1807 3531 1905 3589 cea
1937 3523 2014 3594 2c

734 3641 786 3700 uo
806 3630 829 3700 2
849 3642 936 3698 ccx
962 3641 1012 3710 c,
1043 3613 1071 3698 st
1093 3615 1165 3698 tria
1184 3619 1326 3726 puncia
1355 3615 1531 3701 invenire
1555 3615 1736 3703 libentur
1764 3625 1877 3732 Prop.
1898 3647 2013 3732 praec.

702 3641 874 3818 iteum
898 3720 964 3812 sed
982 3729 1060 3814 boc
1084 3728 1208 3814 modo
1226 3729 1430 3844 operando
1463 3730 1531 3814 vix
1562 3729 1663 3816 ultra
1689 3728 1893 3818 secundam
1920 3761 2015 3850 ope·

703 3845 898 3927 rationem
930 3837 1080 3926 necesse
1109 3843 1183 3928 erit
1209 3841 1425 3955 procedere
1471 3846 1522 3928 Et
1549 3847 1651 3932 tetta
1684 3851 1926 3961 conjungens
1956 3849 2011 3933 bi·

546 4013 550 4021 -
703 3983 754 4040 na
781 3961 955 4070 puntiau
981 3961 1067 4046 &2
1095 3982 1148 4056 ι,
1189 3986 1238 4044 ex
1271 3953 1464 4070 assumptis
1488 3983 1514 4039 c
1540 3962 1582 4041 &
1615 3977 1782 4074 2cper
1806 3991 1918 4076 praec.
1949 3963 2012 4048 de·

702 4071 938 4167 terminata,
964 4064 1107 4160 secabit
1132 4111 1155 4148 τ
1182 4097 1203 4155 ιι
1229 4073 1268 4154 in
1287 4077 1432 4186 punito
1455 4096 1486 4155 o
1520 4069 1617 4180 (cui
1644 4077 1863 4190 propinqua
1880 4077 2009 4163 admo·

702 4184 798 4268 dum
820 4177 939 4288 sunt)
967 4207 1150 4270 accurato
1179 4187 1359 4270 Cometae
1383 4186 1547 4298 vestigio
1565 4187 1603 4270 in
1621 4183 1913 4280 Observatione
1939 4218 2010 4279 ter·

703 4298 788 4392 tia,
815 4301 1031 4410 redaquen
1057 4317 1080 4387 2
1101 4323 1120 4380 ι
1147 4296 1315 4388 fimiliter
1342 4297 1460 4412 ipsam
1485 4326 1550 4385 τι
1579 4293 1724 4389 secabit
1747 4307 1789 4391 in
1817 4311 2010 4418 pundou

701 4405 869 4516 eiusdem
892 4413 1074 4496 Cometa
1098 4413 1262 4525 vestigio
1288 4414 1329 4497 in
1356 4409 1643 4501 Observatione
1669 4419 1824 4532 prima,
1844 4417 2008 4536 utsupra

702 4522 892 4612 ostensum
917 4525 972 4610 est
994 4541 1182 4641 oportere
1210 4525 1294 4612 fieti
1316 4557 1403 4614 eum
1425 4557 1451 4612 c
1470 4531 1552 4620 &2
1580 4527 1712 4618 esunt
1734 4539 1884 4646 punctis
1910 4538 2010 4622 veris

702 4644 893 4756 proxima.
920 4641 1235 4734 Deterruinatum
1257 4642 1375 4767 iginu
1397 4643 1455 4756 est
1474 4649 1660 4762 punctum
1684 4650 1796 4767 quod
1830 4648 1907 4764 (in
1927 4679 2011 4787 pra:

1971 4791 2010 4854 X!
