4322 5686
715 547 849 646 702„
901 471 1459 626 ,asrrruorrrre
1493 532 1911 660 eruerer,

717 675 782 782 vel
811 674 893 758 illas
924 694 1049 786 partes
1080 677 1318 760 incurvatam
1353 685 1514 768 'cerreta
1562 701 1605 764 ut
1628 679 1756 768 Sdrol.
1786 686 1903 794 Propi
1935 699 2048 768 uxr

717 784 802 868 Lib.
845 810 907 867 1v.
949 779 1136 869 ostensum
1162 785 1216 868 est
1259 819 1270 868 ι
1326 785 1463 900 Atque
1500 792 1625 874 omnis
1655 790 1763 890 hujus
1795 791 2050 878 Phaenomeui

596 971 599 978 .
718 894 882 976 varietas
924 889 1038 979 semel
1066 897 1110 978 in
1140 893 1260 978 Anno
1288 891 1542 996 absolvitur,
1588 901 1637 990 iru
1682 929 1733 984 uo
1761 900 1820 984 bis
1850 902 2050 987 reffilinea

721 1003 923 1112 apparebit
953 1005 1191 1088 Macularum
1214 998 1357 1089 scrita
1438 1011 1483 1091 In
1512 1006 1590 1090 hoc
1620 928 1703 1094 eliu
1728 1013 1941 1096 Mercurius
1962 1015 2050 1094 Ma-

718 1113 819 1193 culas
865 1141 999 1196 omnes
1036 1114 1076 1196 in
1112 1113 1210 1196 Solis
1244 1110 1439 1245 superficie
1467 1117 1672 1205 'orilientes
1716 1121 1901 1220 videbit,
1946 1148 2052 1247 quo-

558 1296 562 1309 ,
717 1220 819 1302 niam
851 1223 890 1302 in
935 1225 1074 1350 plano·
1094 1227 1314 1335 AEquatons
1352 1226 1495 1311 Solaris
1533 1231 1693 1314 existens
1729 1256 1936 1344 utrumque
1965 1258 2052 1334 epus

588 4359 592 4374 ι
719 4263 824 4344 curio

645 1417 648 1424 ,
718 1329 856 1412 Polum
884 1332 923 1413 in
955 1360 1126 1442 margine
1162 1328 1252 1416 disci
1286 1333 1418 1418 fiilio·
1469 1335 1535 1420 Ad
1565 1368 1655 1432 orm¹
1677 1341 1820 1424 Oculus
1848 1336 1957 1451 supra
1982 1346 2052 1422 ΛΕ-

640 1489 645 1494 -
717 1441 891 1548 quatoris
929 1442 1071 1525 Solaria
1111 1441 1263 1551 planum
1310 1439 1438 1528 versus
1483 1447 1704 1532 alterutrum
1733 1451 1870 1532 Polum
1899 1451 2050 1532 attolli-

720 1573 816 1644 tur,
861 1547 936 1632 hoc
964 1551 1055 1648 est,
1101 1579 1186 1632 cum
1221 1556 1383 1638 Macuae
1420 1555 1574 1666 Ellipsrn
1602 1553 1811 1642 describere
1838 1559 2051 1645 videnturr

718 1653 833 1737 Polus
867 1657 964 1742 alter
1010 1663 1049 1741 δι
1085 1661 1247 1743 Maculae
1276 1662 1333 1746 illi
1361 1665 1495 1748 vicinae
1527 1667 1570 1757 in
1613 1667 1759 1777 postico
1793 1668 1890 1752 Solis
1921 1667 2051 1750 hemi-

718 1762 889 1872 sphaerio
911 1768 1061 1850 latent.
1138 1771 1182 1850 In
1221 1771 1328 1856 omni
1363 1799 1458 1856 vero
1490 1771 1575 1858 calu
1608 1775 1763 1860 Macula
1793 1781 1911 1886 prope
1943 1777 2052 1860 Solis

718 1871 882 1956 limbum
926 1870 1113 1958 diversam
1159 1878 1306 1986 prorsus
1348 1877 1375 1962 fi
1498 1891 1515 1936 '·
1547 1883 1705 1970 induere
1756 1885 1949 1970 videbitur
1998 1885 2050 1966 ab

720 1980 788 2064 illa
853 2011 940 2066 uam
975 1984 1016 2067 in
1044 1983 1174 2070 medio
1203 1983 1305 2074 disco
1336 2017 1378 2074 re
1396 2017 1497 2082 ert;
1542 1994 1924 2106 quippeadmodum
1948 1993 2048 2078 obli-

719 2117 797 2202 que
821 2010 994 2205 spectata.

730 2375 732 2380 ,
774 2265 921 2348 Verum
966 2268 1232 2372 macularum,
1275 2277 1511 2381 Solarium,
1566 2282 1590 2366 ὲ
1635 2283 1835 2370 Mercurio
1865 2277 2044 2395 speciata·

719 2400 844 2471 rum,
896 2376 962 2456 via
993 2379 1065 2460 erit
1093 2374 1237 2490 semper
1273 2383 1352 2470 fere
1385 2391 1523 2482 reohr
1577 2395 1762 2506 quoniam
1785 2393 2044 2483 Mercuriusi

719 2483 837 2592 plano
869 2489 1088 2590 AEquatoris
1126 2491 1266 2578 Solaris
1309 2525 1505 2609 nunquam
1544 2502 1707 2586 multum
1747 2502 1914 2588 declinat
1946 2565 1961 2607 ‚
2008 2511 2045 2590 δι

718 2591 835 2702 igitur
871 2592 938 2674 vix
977 2591 1193 2683 senfibiliter
1233 2601 1255 2687 ai
1295 2607 1416 2716 planis
1450 2611 1717 2710 circulorum,
1760 2640 1859 2723 quos
1884 2617 2044 2698 Maculae

719 2698 885 2827 rotando
912 2699 1141 2790 describunt.
1226 2716 1408 2818 Cumque
1435 2719 1751 2828 planumOrbitae
1780 2722 1944 2807 Telluris
1963 2754 2042 2807 om-

719 2836 827 2935 nium
865 2812 1032 2894 maxime
1067 2815 1116 2899 ad
1146 2820 1364 2930 praediolum
1396 2828 1551 2936 planum
1574 2833 1792 2944 AEquatoris
1822 2832 1967 2918 Solaris
1987 2837 2042 2917 irr-

719 2915 881 3000 chnetur
910 2977 922 3016 ‚
965 2923 1202 3014 Macularum
1228 2931 1293 3014 via
1329 2931 1351 3016 ὲ
1378 2931 1530 3024 Tellure
1555 2936 1720 3050 speciata
1745 2943 1901 3029 curvior
1930 2969 2042 3055 appa·

719 3047 778 3106 ret
805 3027 969 3134 quamfi
997 3057 1044 3112 ex
1071 3033 1148 3116 alio
1186 3044 1328 3149 quovis
1370 3047 1527 3130 Planeta
1567 3045 1750 3159 [pelletur
1778 3053 1860 3135 Sol.
1948 3056 2041 3137 Cur·

718 3155 858 3216 vatura
896 3134 976 3219 haee
1006 3143 1123 3248 paulo
1153 3148 1279 3231 minor
1313 3153 1386 3236 erit
1412 3183 1460 3236 ex
1492 3159 1594 3264 Jove
1619 3161 1685 3246 vel
1717 3163 1845 3244 Marte
1866 3155 2039 3272 spedaffl,

719 3239 843 3352 adlruc
871 3245 996 3328 minor
1019 3275 1066 3330 ex
1086 3253 1290 3355 Saturno,
1327 3263 1453 3346 minor
1488 3267 1611 3351 adhuc
1639 3299 1687 3354 ex
1717 3273 1911 3371 Venere,
1964 3300 2042 3354 om·

718 3349 903 3477 niuprque
930 3357 1086 3444 minima
1116 3391 1164 3446 ex
1188 3369 1382 3454 Mercurio
1401 3402 1488 3471 „ut
1513 3372 1690 3464 hellenus
1714 3377 1869 3463 diorum.
1939 3383 2045 3463 Mer-

719 3485 842 3539 curlus
879 3462 1029 3549 videbit
1063 3473 1178 3555 etiarn
1207 3479 1311 3560 viam
1335 3504 1417 3563 turn
1446 3485 1659 3572 Satelliturn
1687 3513 1771 3574 turn
1803 3487 2045 3574 Macularum

718 3565 880 3670 aliorum
910 3572 1151 3664 Planetamm
1182 3637 1193 3666 ‚
1236 3615 1336 3671 nunc
1366 3591 1405 3671 in
1439 3600 1578 3678 reliam
1597 3579 1835 3698 extensam,
1872 3626 1973 3681 nunc
2003 3601 2044 3682 in

719 3701 876 3757 curvam
898 3677 1080 3768 sinuatam
1111 3748 1124 3786 ‚
1169 3691 1381 3810 harumque
1413 3702 1558 3816 aliquas
1580 3706 1703 3820 longo
1737 3737 1837 3792 nunc
1864 3731 2043 3816 tempore

718 3781 922 3914 latentes,
967 3820 1067 3877 nunc
1086 3821 1163 3881 tarn
1193 3802 1259 3886 diu
1278 3801 1523 3920 conspicuas,
1563 3841 1679 3925 prout
1701 3815 1799 3917 bolo
1818 3817 1960 3904 latenti
1982 3814 2042 3899 vel

645 3930 650 3950 ·
717 3888 922 4003 conspicuo
943 3905 1169 4024 propinquae
1193 3909 1346 4000 fuerint.

737 4149 747 4169 ·
772 4049 968 4177 Mercurio
990 4057 1127 4174 reliqui
1159 4069 1331 4182 quinque
1357 4073 1522 4160 Planerae
1544 4073 1628 4163 sunt
1656 4075 1861 4192 superiores
1903 4113 1913 4164 r
1972 4085 2037 4164 Pa-

717 4175 773 4232 na
810 4160 1036 4354 ¹glsslrfitsgnt
1065 4181 1418 4374 ffllrnorfflniunlll
1435 4185 1694 4366 Plrurnorpena⁸
1716 4193 1874 4383 Oglulosa
1871 4191 1913 4272 in
1939 4193 2036 4322 Mer:

718 4368 836 4456 Tissa
853 4293 1125 4486 fpguuo’rum,
1146 4387 1194 4477 de
1214 4319 1352 4506 quillis
1369 4319 1510 4517 Prggpli.
1527 4298 1749 4511 lugolli&
1767 4415 1809 4496 u
1825 4323 2038 4602 &piei
