4376 5694
586 611 750 687 ‘544
884 585 1816 665 asTRONonrlaerrrrsrcae
1987 621 1992 630 ·

1038 699 1641 827 Conournr1nn.
2160 697 2161 706 Ν

503 873 564 932 rab.
583 867 678 930 xxxi

536 943 590 1028 ng.
605 957 632 1011 ⁸·
741 958 844 1041 Hinc
872 953 1154 1064 triangulorum
1170 949 1456 1036 rectilineomm
1486 977 1552 1032 nr
1571 975 1631 1047 n,
1660 973 1682 1033 r
1699 978 1728 1034 τ
1747 974 1804 1050 nr,
1835 975 1864 1034 v
1881 977 1909 1034 r
1924 977 1980 1055 κς

686 1098 754 1154 rr
774 1097 803 1152 n
851 1075 891 1152 dc
934 1091 1006 1149 nr
1030 1090 1060 1150 n
1109 1067 1250 1149 dantur
1295 1091 1435 1151 omnes
1471 1064 1631 1176 angulis
1673 1071 1713 1149 &
1742 1066 1831 1150 hinc
1863 1070 1978 1155 etiam

684 1185 847 1268 Schema
881 1176 1036 1290 Eclipfis
1069 1176 1175 1263 Disci
1209 1181 1366 1284 Tetra,
1408 1179 1534 1290 qualis
1572 1203 1708 1262 revera
1736 1179 1790 1263 est
1821 1178 1903 1263 haec
1930 1181 1979 1266 de

685 1323 763 1408 qua
793 1295 971 1408 agimus,
1014 1292 1055 1374 in
1093 1295 1213 1404 piano
1246 1291 1428 1404 graphice
1465 1285 1726 1388 describetur,
1769 1291 1979 1377 ut‘fadum

686 1410 739 1494 est
773 1409 813 1491 in
849 1403 986 1518 Eclipsr
1028 1407 1142 1490 Lunae
1175 1405 1337 1488 Coroli.
1371 1422 1412 1491 2.
1449 1407 1566 1514 Prop.
1606 1427 1806 1486 xxxtrr:
1846 1407 1979 1517 Figura

529 1604 533 1612 ,
686 1523 790 1607 enim
832 1520 1050 1631 praecedens
1091 1521 1146 1604 est
1182 1519 1278 1602 illud
1312 1512 1430 1631 ipsum
1459 1517 1622 1603 Schema
1645 1517 1756 1629 quod
1782 1522 1980 1632 quariturt

687 1636 753 1718 iiia
781 1635 896 1746 igitur
936 1637 1008 1714 rite
1037 1631 1295 1744 protrahatur.
1354 1633 1541 1745 Cumque
1571 1653 1710 1713 notum
1743 1631 1787 1716 fit
1821 1657 1983 1746 quantas

667 1751 799 1833 'reciae
840 1748 927 1848 (sti
961 1748 1165 1858 portiones
1190 1745 1351 1829 Umbra
1380 1746 1539 1828 Lunatis
1565 1769 1738 1828 centrum
1766 1749 1882 1830 Horae
1904 1742 1980 1860 spa·

690 1862 748 1946 rio
789 1883 994 1972 peragret,
1036 1866 1076 1942 dc
1113 1885 1292 1972 quanam
1323 1861 1365 1942 in
1394 1858 1492 1943 daeo
1523 1858 1616 1941 loco
1649 1859 1871 1944 numeretur
1939 1889 1982 1946 o·

626 2033 628 2042 ι
688 2000 755 2072 ra,
789 1973 949 2084 quando
982 1971 1127 2057 diuum
1177 1997 1350 2057 centrum
1395 1998 1505 2057 tenet
1567 1995 1597 2054 Ν
1633 1969 1698 2056 vel
1727 2002 1754 2056 v
1779 1973 1847 2060 vel
1931 1973 1980 2057 ud

688 2086 860 2198 quodvis
898 2089 1080 2198 punctum
1122 2087 1162 2168 in
1202 2091 1296 2189 §tul
1330 2083 1500 2176 da'tumt
1538 2109 1645 2197 patet
1675 2084 1786 2196 quod
1818 2085 1846 2169 st
1876 2091 1981 2170 ruoz

688 2201 791 2282 istius
820 2200 893 2282 rite
918 2190 1046 2282 divisae
1076 2203 1224 2310 putretis
1253 2198 1514 2284 adscribantur
1541 2201 1709 2295 numeri,
1744 2199 1886 2310 quibus
1906 2205 1981 2284 iio·

688 2339 737 2398 rae
759 2313 799 2395 in
833 2312 933 2398 dato
958 2312 1051 2395 loco
1086 2312 1333 2415 indicantur,
1359 2310 1575 2424 perfeetum
1597 2308 1671 2396 effe
1692 2313 1855 2400 Schema
1885 2339 1984 2426 quaa·

533 2507 538 2516 .
690 2422 800 2513 situm
833 2455 910 2538 pro·
935 2423 1032 2511 dato
1057 2425 1166 2512 loco.

917 2615 1468 2716 PROPOSITIO·
1539 2615 1782 2702 XLIII·

690 2800 841 2915 Eclr'psts
875 2801 1012 2886 Silam
1053 2803 1318 2924 Qantitarem
1359 2807 1513 2914 respedia
1545 2803 1769 2916 Spenaroris
1802 2802 1987 2912 Tenuere
2130 2865 2133 2870 n
2163 2863 2164 2920 1

747 2925 850 3001 intra
889 2921 1064 2999 circulum
1120 2917 1424 3026 &umbrosum
1463 2927 1530 3028 qui
1560 2921 1608 3024 cst
1634 2919 1746 3035 sellio
1777 2919 1987 3002 Penumbrz

661 3041 684 3089 ἵ
745 3025 909 3223 dm
945 3056 1014 3140 per
1049 3029 1202 3142 Discum
1246 3029 1383 3118 Terra,
1431 3031 1557 3113 datum
1601 3031 1742 3119 Locum
1780 3043 1985 3147 occupantis

774 3171 1011 3228 etermrnarc.

664 3353 669 3364 '
761 3335 798 3420 It
834 3362 948 3420 rso
993 3333 1157 3422 circulus
1200 3337 1466 3425 disterminans
1502 3342 1631 3424 Terta
1670 3334 1984 3452 Hemispharium

772 3447 1200 3536 dSoieiliuminatum
1239 3454 1289 3535 ab
1322 3446 1514 3548 obscuro,
1556 3457 1662 3558 cujus
1697 3453 1863 3565 proinde
1934 3455 1985 3538 ia·

693 3587 784 3645 num
809 3563 912 3648 idem
953 3565 1005 3646 est
1038 3591 1127 3646 cum
1155 3567 1274 3675 plano
1312 3563 1416 3650 Disci
1450 3567 1500 3650 de
1536 3595 1625 3679 quo
1652 3563 1777 3679 supra,
1831 3571 1875 3650 In
1907 3483 1984 3650 Eut

691 3675 812 3788 plano
842 3677 887 3760 fit
916 3707 942 3759 rt
963 3685 1060 3777 rt?
1100 3679 1286 3790 Ecliptica
1314 3709 1333 3768 t
1372 3683 1442 3763 lu
1474 3685 1525 3778 ἶς’
1562 3681 1644 3764 Via·
1678 3680 1800 3766 centri
1823 3683 1988 3765 Penum·

691 3789 769 3872 brae
804 3791 991 3879 Lunarisr
1029 3815 1061 3874 Ν
1084 3797 1265 3903 putidum
1290 3793 1342 3874 ad·
1367 3793 1477 3905 quod
1509 3818 1597 3876 oum
1633 3795 1855 3877 Penumbrae
1899 3773 2007 3878 cem'

689 3925 791 3986 rrum
828 3905 1085 4017 pervenerit,-
1107 3905 1437 3989 fit·N0vilunium
1460 3933 1606 3990 verum.
1665 3912 1837 4001 Ponatur
1866 3903 1985 3991 nerse

649 4051 651 4056 ·
686 4018 912 4100 Penumbtae
941 4018 1051 4123 hujus
1085 4041 1259 4101 centrum
1295 4021 1477 4130 quodam.
1503 4022 1690 4132 temporis
1722 4027 1865 4134 puncto
1894 4022 1984 4104 dum

688 4130 762 4210 iter
792 4125 897 4214 suurn
932 4159 1001 4240 pet
1036 4134 1177 4214 renam
1218 4133 1236 4207 l
1250 4139 1299 4230 ἶς’
1341 4133 1525 4230 instituit,
1561 4131 1760 4246 ipsumque
1802 4137 1983 4218 circulum

687 4240 988 4354 penumbrosum
1034 4239 1108 4326 effe
1142 4271 1179 4324 n·
1201 4271 1329 4342 ors
1361 4249 1434 4330 crit
1468 4271 1547 4329 rut
1590 4249 1734 4330 itineris
1762 4249 1982 4332 Penuntbtae

687 4381 777 4464 pars
812 4384 858 4440 ea
889 4385 975 4470 quae
1003 4357 1178 4440 facienda
1209 4359 1262 4441 est
1291 4360 1391 4442 inter
1424 4362 1549 4444 hocce
1581 4361 1768 4470 temporis
1803 4365 1983 4473 putidum

688 4473 732 4550 dc
756 4495 996 4553 momentum
1024 4472 1317 4574 Conjundionis
1350 4501 1479 4570 verre,
1509 4472 1748 4558 celebranda
1770 4501 1858 4557 cum
1890 4471 1984 4554 illud

678 4579 743 4666 ad
769 4605 804 4666 tt
834 4584 1043 4698 pertigerit.
1102 4591 1372 4701 supponamus
1402 4582 1705 4694 observatorem
1738 4588 1839 4672 intra
1882 4585 1983 4716 irunt

1867 4723 1983 4788 circu·
