4376 5694
713 667 808 756 „a
946 641 1477 768 asrnonronrae
1534 659 1881 742 rnrrrcae

550 814 607 878 tat
627 775 1135 876 xxxttotalitet'umbtosus
1163 787 1203 870 in
1231 809 1367 871 centro
1392 785 1523 872 circuli
1555 811 1634 870 nu
1660 810 1728 870 aut
1758 813 1840 870 non
1873 786 2038 871 omnino

470 928 491 966 ws
587 893 638 970 5¹2·
661 907 689 963 ί·
739 901 968 1008 contingat,
998 925 1065 982 aut
1086 923 1235 984 tantum
1265 903 1468 1011 contingat
1502 927 1529 982 o
1550 929 1575 984 c
1596 927 1623 983 o
1658 901 1891 990 circulum·‚·
1934 900 2037 984 Solis
2072 915 2078 926 '

732 1038 821 1125 pars
857 1009 1024 1096 deficere
1058 1013 1254 1098 videbim'r
1285 1015 1391 1112 illis,
1428 1015 1496 1126 qui
1526 1015 1780 1123 illuminatam
1805 1011 2037 1126 Hemisphae·

734 1127 795 1209 rii¹
811 1153 960 1239 partem
989 1121 1188 1236 segmento
1219 1155 1287 1213 rn
1304 1154 1327 1210 z
1342 1155 1375 1210 n
1413 1129 1560 1214 circulo
1591 1130 1745 1242 utrique
1765 1126 1963 1214 communi
1980 1129 2036 1212 in-

679 1240 1287 1326 ·wmmmmfflm.·

789 1353 990 1460 Qtoniam
1020 1382 1118 1438 vero
1152 1355 1296 1440 circelli
1323 1353 1476 1462 hujusce
1508 1356 1625 1471 plene
1654 1355 1824 1442 umbrosi
1852 1354 2037 1440 semidia-¹

733 1487 856 1572 meter
874 1467 1004 1550 Oculo
1035 1493 1078 1552 ut
1096 1467 1204 1580 supra
1220 1473 1429 1556 constituto
1445 1497 1606 1583 apparet
1629 1467 1697 1555 sub
1720 1471 1862 1584 angulo
1895 1469 2034 1582 :equali

732 1580 1030 1666 semidiametro
1055 1583 1169 1666 Lunae
1192 1613 1240 1668 ex
1256 1591 1383 1668 Tertae
1414 1610 1551 1670 centro
1569 1585 1801 1698 apparenti,
1839 1583 2036 1666 diminuta

733 1691 1030 1780 Semidiametro
1047 1697 1250 1810 apparenti
1273 1698 1375 1800 Solis
1400 1728 1448 1783 ex
1471 1698 1641 1798 eodem,
1668 1725 1738 1812 per
1759 1695 1890 1781 Schol.
1915 1699 2033 1806 Prop.

735 1831 839 1892 xxx
852 1831 864 1887 1
878 1833 918 1888 11
939 1839 951 1898 ς
990 1833 1103 1921 patet
1134 1811 1236 1896 hunc
1264 1800 1392 1920 (iicet
1413 1818 1453 1894 in
1473 1817 1502 1896 v
1519 1813 1715 1926 positum)
1743 1807 1899 1896 Discum
1915 1837 1941 1892 c
1960 1833 1988 1892 o
2004 1835 2032 1891 o

733 1949 817 2005 non
841 1924 1032 2035 attingere
1061 1983 1075 2024 ‚
1113 1923 1139 2006 st
1173 1927 1364 2010 Distantia
1387 1928 1646 2012 Luminarium
1673 1951 1723 2011 ex
1749 1947 1886 2032 centro
1908 1929 2035 2008 Terrae

732 2032 813 2118 visa
836 2061 1018 2122 unacum
1048 2039 1150 2124 Solis
1167 2040 1355 2125 Patallaxi
1375 2041 1609 2126 horizontaii
1634 2039 1699 2150 (t
1722 2065 1750 2122 v
1773 2038 1880 2123 onim
1899 2039 1941 2122 in
1957 2037 2034 2118 boc

733 2145 820 2232 casu
845 2175 926 2232 non
943 2151 1112 2238 multum
1147 2149 1300 2267 superat
1325 2176 1356 2238 tt
1372 2158 1435 2266 τ)
1475 2154 1641 2240 excedat
1670 2152 1883 2238 Partiltxin
1908 2152 2034 2236 Luna

733 2262 1015 2348 horizontalem
1037 2269 1078 2350 δι
1098 2263 1287 2352 exceffrm
1312 2268 1594 2354 semidiametri
1612 2266 1829 2382 apparentis
1850 2267 1965 2350 Luna
1980 2257 2035 2350 stt·

733 2403 803 2490 pra
826 2377 1162 2465 Semidiametrum
1186 2407 1437 2495 apparentem
1461 2383 1595 2480 Solis,
1636 2381 1702 2466 vel
1724 2377 1826 2464 hisce
1845 2377 1892 2466 fit
1913 2400 2034 2490 oqua-

733 2490 806 2579 list
832 2491 910 2574 hoc
941 2493 1021 2591 est,
1064 2491 1223 2580 fidius
1254 2495 1514 2582 Lumintrium
1551 2495 1742 2580 Distanria
1777 2492 1943 2578 excedat
1968 2491 2034 2574 Se·

732 2601 1017 2690 midiamettum
1040 2613 1081 2691 δι
1108 2609 1322 2694 Pattllaxirt
1357 2611 1642 2696 horizontalem
1671 2611 1827 2706 Lunae,
1867 2603 2033 2717 demptis

714 2718 1030 2806 ¹Semidiametro
1062 2727 1103 2804 δι
1129 2725 1318 2808 Parallaxi
1344 2725 1579 2810 horizontali
1600 2723 1702 2808 Solis
1739 2777 1753 2820 ‚
1797 2719 1865 2805 vel
1884 2721 1965 2802 illis
1990 2715 2033 2802 stt

731 2831 1321 3050 brunnum
1338 2835 1526 3037 rtur
1669 2831 2034 3034 turtur

735 3055 875 3142 incolit
903 3058 1043 3146 tradite
1056 3069 1182 3149 Terra
1203 3065 1541 3178 quem-involvitr
1567 3091 1609 3150 at
1629 3063 1708 3149 stne
1729 3061 1894 3150 notabili
1910 3083 2033 3156 mora,

736 3172 827 3283 quia
857 3173 1033 3260 circellus
1057 3177 1120 3262 hic
1146 3205 1287 3294 parvus
1314 3179 1529 3264 admodum
1556 3179 1611 3264 est
1637 3221 1656 3278 3
1687 3184 1777 3261 cum
1799 3179 1915 3260 Lunae
1944 3172 2035 3256 Dia·

729 3309 853 3368 meter
869 3314 1066 3400 apparens
1086 3317 1221 3402 parum
1237 3291 1404 3378 excedat
1431 3294 1677 3382 Diametrum
1700 3305 1951 3402 appetentem
1965 3287 2037 3370 So·

730 3398 808 3496 ¹5⁸>
834 3398 1008 3514 ideoque
1044 3409 1302 3492 communiter
1341 3432 1414 3604 ppo
1445 3431 1581 3493 centro
1606 3404 1831 3492 Penumbrae
1856 3401 2031 3486 habetur.
2073 3391 2082 3412 ’

729 3511 857 3594 Immo
883 3518 1123 3632 quandoque
1148 3521 1321 3608 circellus
1369 3522 1405 3603 'c
1429 3547 1522 3608 vere
1547 3520 1675 3606 nullus
1700 3521 1784 3619 est,
1810 3516 1913 3601 Solis
1941 3513 2035 3598 Dia·

729 3649 856 3710 metro
871 3631 988 3714 Luna
1002 3634 1247 3720 Diametrurn
1275 3659 1525 3748 apparentem
1542 3631 1753 3748 superante
1799 3634 1845 3716 In
1862 3655 2034 3738 utroque

726 3763 860 3824 tutem
887 3739 973 3829 casu
1004 3747 1142 3861 aliquis
1164 3756 1291 3834 Tetrae
1324 3750 1434 3836 locus
1459 3751 1624 3836 totalem
1658 3746 1763 3858 (vel
1788 3744 2035 3840 centralemt

727 3854 821 3938 licet
847 3881 930 3939 non
962 3862 1160 3966 totalem)
1189 3863 1293 3947 Solis
1324 3861 1488 3976 Eclipsrn
1516 3864 1659 3976 patitur
1690 3919 1704 3961 ‚
1756 3885 1846 3944 cum
1873 3861 2037 3950 Perrum-

657 4033 661 4041 .
727 3967 804 4050 broe
828 3995 964 4056 centro
987 3975 1029 4058 in
1056 3978 1214 4063 minima
1237 3973 1412 4063 dcentro
1430 3977 1607 4062 distantia
1636 3970 1848 4070 versante,
1883 3969 2036 4054 Distan-

727 4082 781 4162 tia
811 4079 889 4168 visa
912 4087 1173 4171 Luminarium
1201 4115 1374 4202 aquetur
1392 4085 1543 4174 summa
1573 4088 1828 4175 Patallaxiurn
1849 4084 2035 4172 horizon·

724 4193 858 4278 talium
883 4201 1131 4298 eorundem,
1157 4227 1224 4287 aut
1246 4203 1297 4287 ab
1322 4204 1388 4287 illa
1421 4203 1591 4288 deficiat.
2033 4201 2043 4219 ⁴

785 4313 1002 4398 Penumbra
1034 4338 1165 4398 autem
1196 4319 1311 4400 Lunae
1346 4319 1496 4430 integra
1525 4327 1684 4405 Terram
1721 4316 1936 4404 obumbrat
1965 4313 2036 4429 pri·

595 4465 663 4544 tu.
680 4471 709 4528 ὅ,
729 4449 866 4522 mum,
897 4455 987 4510 eum
1007 4453 1036 4511 τ
1057 4453 1086 4511 v
1117 4427 1305 4517 Distantia
1332 4431 1490 4516 minima
1519 4459 1741 4520 centtorum
1762 4439 1888 4516 Terrae
1913 4429 2037 4513 circu·

726 4535 835 4651 iique
861 4539 1110 4626 Penutnbrosr
1144 4602 1158 4641 ,
1211 4545 1290 4629 hoc
1315 4545 1370 4630 est
1409 4548 1517 4657 (per
1532 4551 1648 4660 Prop.
1665 4545 1814 4660 praec.)
1843 4541 2036 4627 Distantia

724 4653 885 4738 minima
904 4657 1162 4746 Luminariurn
1187 4653 1266 4744 visa
1282 4660 1428 4747 minuta
1455 4657 1598 4747 semine
1617 4659 1822 4747 Patallaxis
1845 4657 1951 4745 Solis
1969 4661 2036 4747 ho

720 4767 952 4882 ⁴tizonttlit,
987 4777 1114 4890 (tam
1142 4799 1223 4868 vn
1256 4775 1310 4866 est
1333 4775 1511 4892 proxime
1541 4775 1701 4895 aqualis
1731 4762 1867 4862 semdffi
1898 4775 2038 5004 1²de
