4336 5692
237 621 287 742 ’φ
317 613 730 752 enonurnr'cn
761 612 1108 755 urrunnun.
1144 671 1229 746 nn.
1270 673 1311 750 r.
1336 671 1338 676 ·
1367 757 1371 768 ,
1404 675 1474 773 639

168 835 174 844 ·
216 779 355 912 litque
384 791 523 880 Motus
540 843 549 855 ν
566 797 748 882 Cometae
791 798 1067 915 Ephemerides
1112 797 1192 886 hoc
1222 781 1347 890 modo
1381 829 1663 902 con-ramma

157 895 350 999 liruentur
371 911 437 994 vel
456 909 643 1024 graphice
668 909 830 1024 vel'per
862 913 1068 1032 calculum.
1518 916 1573 995 fit·
1587 933 1615 976 ¹·

615 1081 1036 1168 Senon1um

237 1247 420 1340 Similiter
446 1249 668 1336 invenietur
694 1249 886 1336 Distanria
914 1251 1095 1338 Cometae
1120 1249 1143 1337 ai
1171 1257 1322 1354 Terra,
1356 1256 1424 1342 vel
1439 1257 1479 1346 in
1558 1278 1562 1292 '

99 1471 106 1482 ⁸
158 1367 333 1482 Petigaeo
369 1365 436 1449 vel
464 1364 522 1450 ad⁴
548 1371 720 1476 Tempus
742 1364 905 1464 datum,
941 1391 1022 1450 tam
1041 1391 1189 1452 curtata
1207 1396 1326 1482 quam
1354 1370 1393 1452 in
1415 1367 1479 1457 sua
1627 1369 1630 1378 ’

158 1478 426 1588 Trajelioria,
468 1481 508 1563 in
542 1477 717 1590 partibus
751 1479 944 1564 Diametri
970 1479 1090 1566 Orbis
1124 1483 1252 1595 magni
1284 1481 1479 1596 expressa,-

157 1597 322 1711 angulus
363 1592 458 1677 item
498 1620 618 1706 quem
667 1595 847 1678 Cometae
885 1596 1120 1701 Trajetioria
1169 1595 1348 1681 continet
1387 1627 1477 1682 cunr

156 1717 263 1798 tedia
297 1709 509 1794 Cometam
550 1710 591 1790 dt
626 1710 788 1791 Terram
811 1710 999 1821 jungente
1017 1733 1052 1800 r·
1080 1709 1146 1794 vel
1182 1738 1301 1825 quem
1327 1711 1478 1796 Orbitae

157 1822 362 1937 veliigitun
383 1821 423 1904 in
454 1821 575 1934 plano
610 1821 809 1933 Eclipticae
841 1823 1021 1908 continet
1047 1850 1139 1907 cum
1177 1827 1280 1910 tedia
1307 1821 1332 1910 i
1357 1831 1477 1912 Terra

157 1937 280 2028 dudit
308 1935 361 2023 td
385 1935 538 2020 Locum
554 1937 737 2020 Cometae
757 1935 799 2019 in
826 1937 1028 2050 Ecliptica.
1285 1941 1291 1950 “

510 2103 1075 2198 Cotouunut'un'.

225 2275 334 2364 Hinc
371 2271 607 2390 Magnitudo
648 2300 743 2360 vera
792 2298 872 2360 tam
901 2273 1018 2386 ipfius
1066 2276 1247 2367 Cometae
1297 2275 1443 2365 Nudei
1457 2336 1474 2380 ‚
1613 2329 1618 2334 -

152 2419 280 2511 quam
304 2389 394 2476 huic
426 2381 656 2475 circumfusa
681 2389 820 2474 Comae
854 2386 1162 2502 Atmosphaeram
1185 2390 1388 2476 referentis
1406 2391 1475 2478 dt-

154 2504 462 2596 terminabitur':
493 2503 617 2586 Notit'
639 2502 743 2587 enim
769 2505 950 2589 Cometa
982 2503 1203 2605 Distantii,
1241 2510 1283 2588 dc
1313 2508 1473 2590 Diame·

152 2645 226 2728 tto
249 2642 461 2732 apparente
492 2615 638 2702 Nuclei
667 2620 707 2698 δι
744 2612 973 2702 circumfusa
1000 2620 1161 2704 Nucleo
1195 2613 1473 2734 Atmosphaerae

153 2763 232 2852 pet
254 2728 610 2826 Observationem,
647 2730 788 2814 horum
818 2730 1055 2928 Magnitudo
1078 2729 1295 2818 innotescet
1327 2731 1472 2818 eodem

153 2847 287 2936 modo
313 2875 396 2962 quo
422 2846 666 2932 Planetarum
698 2843 875 2956 Magnitu
906 2871 934 2928 o
965 2871 1013 2928 ex
1035 2843 1219 2930 similibus
1253 2843 1367 2931 datis‘
1387 2873 1473 2929 eru·

153 2987 202 3051 ta
222 2963 276 3048 est
303 2964 422 3073 Ptop.
447 2981 596 3044 va1.
621 2956 709 3041 Lib.
728 2969 794 3042 1'11.
818 2960 971 3056 Porro,
1006 2958 1156 3043 Caudae
1173 2957 1408 3074 Magnitudo
1428 2955 1478 3041 fi-

152 3077 306 3163 militer
328 3067 532 3158 innotescit
552 3103 562 3152 t
584 3073 642 3155 Ex
662 3071 828 3186 cognitis
852 3073 956 3156 enim
980 3072 1085 3157 Solis
1108 3078 1150 3158 &
1180 3077 1361 3160 Cometae
1392 3075 1472 3157 Lo·

149 3191 217 3280 cis
233 3211 361 3273 ⁴notus
376 3186 459 3271 erit
477 3187 639 3299 angulus
663 3214 783 3300 quern
811 3185 953 3271 Cauda
984 3181 1104 3271 efficit
1125 3213 1215 3272 cum
1240 3191 1344 3272 tedia
1377 3191 1472 3272 Ter·

151 3331 245 3392 ram
270 3307 310 3386 dt
344 3303 556 3386 Cometam
571 3302 778 3411 jungente,
799 3303 856 3406 ‚dc
874 3295 1161 3386 observatione
1182 3296 1391 3385 innotescit
1404 3323 1473 3384 an·

149 3420 276 3536 gulus
299 3413 350 3500 ad
372 3417 530 3498 Terram
552 3440 671 3526 quem
696 3413 837 3498 Ctuda
862 3410 1089 3506 subtendit3
1115 3441 1164 3500 tx
1192 3412 1335 3528 quibus
1351 3417 1391 3495 δι
1409 3411 1473 3494 dt·

151 3559 198 3621 ta
232 3531 415 3630 Cometae
432 3529 625 3614 Distanria
651 3523 675 3611 i
704 3531 858 3628 Terra(
880 3528 1002 3612 latete
1018 3519 1068 3610 sc.
1098 3525 1150 3613 ad
1165 3525 1290 3614 didos
1306 3525 1472 3640 angulos

149 3647 396 3753 adjacente)
429 3667 526 3727 nota
543 3641 612 3728 fiet
640 3641 787 3726 Caudae
805 3638 1013 3754 longitudo
1031 3671 1042 3722 ε
1062 3641 1154 3751 Ejus
1174 3641 1353 3730 traffides
1368 3635 1466 3726 srmi·

150 3763 250 3850 liter
267 3757 489 3844 invenietur
510 3781 631 3871 atque
646 3755 760 3867 ipfius
783 3755 974 3842 Conutae.

407 3945 439 4046 s
497 3945 537 4052 ε
593 3945 639 4050 c
694 3921 939 4048 *1⁴10
1026 3942 1168 4049 1'11.

193 4139 281 4228 Du.
305 4161 417 4225 unna
448 4131 647 4223 Court'n
676 4133 993 4237 TtrJacrotrr
1027 4135 1423 4226 Durtnutrtrunr.

146 4327 588 4548 PRoposrtionrbus
621 4329 777 4444 aliquot
809 4321 1117 4444 precedentibus
1146 4328 1356 4444 quomodo
1381 4331 1467 4421 Co·
1515 4354 1517 4358 ’

262 4471 377 4532 metat
399 4443 632 4550 Trajedloria
654 4442 678 4530 ὲ
699 4442 965 4530 Pbaenomenis
994 4469 1075 4531 non
1096 4443 1258 4529 nimium
1276 4445 1467 4536 abludtns

146 4559 416 4674 investigetur
440 4556 699 4657 ostendimus,
727 4585 809 4646 non
839 4555 964 4645 sulum
992 4555 1106 4674 quod
1132 4551 1349 4662 hujusmodi
1375 4566 1467 4645 Tra·

144 4674 326 4792 lectoria
355 4673 522 4790 plurium
546 4675 805 4762 Cometartttn
827 4670 945 4761 Locis
945 4671 1140 4874 proxime
1164 4671 1468 4758 determinandis

894 4787 1048 4900 D2,
1223 4779 1469 4883 ,suffic
