4346 5676
1279 501 1427 604 (4)

700 661 758 740 sia
784 683 796 730 .·
826 643 1041 764 quibusque
1069 635 1313 725 admirationi
1339 637 1442 722 soret
1474 637 1553 720 haec
1585 637 1730 720 Veteres
1763 632 1904 724 nescire
1940 663 2011 748 poc

702 761 841 854 ruisset
883 763 1087 875 postquam
1116 747 1436 856 Demonstraverit
1459 755 1600 863 aliquis
1623 747 1781 836 Naturae
1811 753 2008 864 interpres

705 873 893 988 inquibus
915 867 1002 954 Caeli
1024 867 1195 977 partibus
1211 855 1357 946 (imerae
1371 889 1520 947 errent,
1546 873 1700 973 quami,
1719 863 1911 976 qualesque
1916 864 2009 972 stnr.

713 993 775 1078 Ab
805 990 877 1071 hac
915 1010 1042 1068 autem
1084 976 1220 1061 Seneca
1254 974 1443 1069 sententia
1476 981 1517 1060 in
1546 975 1711 1061 diversas
1757 1003 1883 1086 partes
1915 977 2011 1058 abiit

710 1129 809 1218 pene
835 1101 960 1182 omnis
991 1097 1315 1178 Astronomorum
1339 1093 1528 1179 Cohots;
1576 1119 1620 1176 ac
1648 1087 1725 1204 ipse
1751 1087 1916 1186 Seneca,
1946 1114 2013 1170 ne-

712 1243 790 1327 que
817 1215 1074 1295 Phsnomena
1104 1210 1238 1289 Motus
1263 1203 1403 1316 quibus
1432 1206 1656 1314 opinionem
1682 1205 1781 1286 hanc
1814 1226 2011 1294 tueretur,

714 1353 842 1438 neque
882 1333 1057 1432 tempora
1096 1313 1309 1406 adscribere
1351 1317 1526 1427 dignatus
1556 1319 1631 1414 est,
1653 1345 1753 1428 -quae
1772 1317 1928 1428 possetis
1963 1309 2015 1393 ad

715 1443 795 1523 hac
821 1433 1041 1520 definienda
1063 1429 1142 1514 usui
1170 1429 1309 1514 forent.
1364 1431 1426 1514 Ac
1457 1431 1625 1513 evolutis
1666 1429 1835 1540 piurimis
1861 1429 2015 1512 Come·

716 1576 843 1634 tarum
861 1547 1064 1642 Historiis,
1089 1543 1367 1626 nihilomnino
1409 1543 1568 1626 invenio
1602 1543 1712 1654 quod
1738 1542 1827 1624 huic
1854 1539 2017 1651 negotio

721 1658 903 1745 inservire
935 1657 1046 1768 possit
1072 1713 1095 1752 ‚,
1126 1681 1216 1738 ante
1245 1656 1434 1742 annuma
1468 1649 1607 1757 Chrrsto
1639 1681 1731 1740 nato
1772 1677 1892 1759 1337.
1935 1677 2017 1760 quo

723 1771 952 1881 Nicephorum
983 1767 1158 1876 Gregoras
1181 1769 1389 1852 Histoticus
1423 1769 1463 1850 &
1487 1769 1739 1852 astronomus
1767 1760 2012 1874 aasabim.

718 1889 903 1998 politanus
923 1882 1035 1966 nobis
1061 1883 1239 1964 Cometa
1267 1875 1436 1964 semitam
1462 1881 1562 1962 inter
1591 1877 1685 1964 fixas
1713 1875 1798 1964 satis
1837 1903 2012 1962 accurate

723 1994 943 2108 descripst:
970 2018 1147 2102 tempora
1178 2018 1307 2077 autem
1333 1995 1444 2076 nimis
1471 1992 1556 2077 laxe
1582 1993 1848 2104 confignavit,
1889 1992 1944 2074 ita
1970 2013 2015 2074 ut

725 2139 808 2196 non
824 2108 889 2192 nist
914 2105 1024 2218 quod
1054 2105 1196 2188 abhinc
1223 2104 1510 2217 quadringentis
1539 2133 1639 2217 perte
1678 2107 1804 2189 Annis
1834 2131 2015 2216 apparue-

726 2225 799 2318 rit,
830 2221 1050 2320 lubricus&
1067 2218 1232 2300 incertus
1253 2217 1315 2300 hic
1333 2220 1504 2302 Cometa
1530 2219 1726 2330 Caralogo
1742 2245 1859 2329 quem
1883 2217 2018 2301 damus

727 2330 836 2419 inseri
859 2341 1059 2418 mereatur.
1117 2331 1219 2414 Dein
1250 2331 1422 2414 Cometa
1445 2333 1535 2415 anni
1554 2347 1663 2439 ‘1472
1696 2333 1869 2416 omnium
1902 2331 2016 2414 velo-

654 2443 657 2450 ’
729 2446 887 2534 cisfimus
919 2471 965 2528 ac
1006 2443 1113 2525 tertis
1139 2443 1335 2553 proximus
1374 2441 1695 2552 Regiomonranum
1726 2445 1860 2528 habuit
1892 2437 2018 2524 obscr-

728 2587 926 2646 vatorem..
963 2557 1036 2639 Hic
1073 2555 1334 2664 magnitudine
1356 2583 1402 2640 ac
1427 2557 1557 2640 Comi
1576 2557 1780 2653 terribilis,
1805 2555 1918 2641 unius
1943 2556 2019 2640 diei

728 2669 851 2784 spatio
879 2691 936 2768 40
973 2666 1111 2780 gradus
1140 2661 1207 2754 sub
1240 2669 1383 2751 circulo
1416 2669 1524 2752 Coeli
1555 2671 1720 2764 maximo
1743 2666 1916 2752 emensus
1951 2673 2018 2767 est,

730 2812 776 2876 ac
802 2785 982 2867 omniurn¹
1003 2782 1145 2890 primus
1173 2781 1227 2861 est
1258 2779 1418 2890 dequo
1450 2778 1652 2870 observata
1684 2781 1826 2866 idonea
1859 2781 1911 2864 ad
1944 2809 2021 2864 nos

731 2919 957 3012 pervenere.
995 2896 1207 3002 Quotquot
1238 2919 1366 2974 autem
1392 2895 1580 2978 Cometas
1612 2893 1927 2988 considerarunt,
1965 2891 2022 2976 us·

732 3035 811 3119 que
843 3005 893 3088 ad
920 3029 1098 3114 tempora
1134 3000 1306 3112 Tychonis
1334 2999 1458 3084 Brabe
1482 3009 1607 3120 magui
1630 3009 1732 3090 illius
1770 3007 2020 3090 Astronomiae

733 3117 991 3205 restauratoris
1011 3173 1031 3213 ,,
1063 3143 1132 3198 eos
1155 3112 1376 3199 sublunares
1413 3111 1488 3202 esse
1523 3118 1800 3215 autumatur,
1843 3119 2020 3232 adeoque

735 3232 845 3345 parvi
875 3228 1120 3342 penderunt‚
1149 3253 1287 3338 utpote
1309 3257 1380 3334 pro
1400 3234 1618 3344 Vaporibus
1643 3234 1812 3316 habitos.

723 3417 727 3428 .
798 3345 918 3428 Anno
942 3366 1071 3426 autem
1099 3363 1226 3448 1577,
1253 3341 1269 3445 (
1295 3337 1452 3449 Tycbone
1478 3347 1554 3448 jam
1576 3345 1699 3428 studio
1722 3345 1903 3428 astrorum
1929 3338 2021 3428 serio

742 3455 1019 3550 incumbente,
1056 3450 1359 3564 comparatisque
1398 3459 1592 3551 Machinis¹
1612 3457 1831 3568 ingentibus
1864 3483 1937 3567 pro
1970 3457 2024 3538 di·

741 3565 945 3654 metiendis
980 3567 1071 3646 coeii
1104 3566 1289 3663 arcubus,
1339 3571 1473 3672 majori
1494 3599 1580 3653 cum
1612 3597 1699 3652 cura
1733 3569 2025 3654 &certitudine

742 3706 861 3794 quam
885 3679 1092 3761 Veteribus
1121 3675 1266 3788 sperare
1303 3679 1358 3763 sas
1389 3693 1508 3784 crat)
1538 3682 1695 3766 Emetsit
1734 3687 1900 3767 Cometa
1939 3680 2024 3764 satis

742 3789 1002 3905 conspicuus,
1052 3791 1112 3874 cui
1142 3787 1384 3877 observando
1417 3791 1564 3880 strenue
1592 3793 1665 3878 sese
1696 3796 1856 3880 accinxit
1882 3791 2024 3904 Tycha·
2147 3895 2148 3898 p

741 3895 946 4016 multisque
986 3908 1026 3985 δε
1054 3903 1140 3987 fidis
1174 3906 1442 4014 experimentis
1476 3907 1767 4017 deprehendit,
1819 3909 1918 3990 nulli
1942 3937 2022 4018 qua
2147 3929 2148 3964 ¹

742 4017 940 4102 sentiretur
962 4015 1146 4098 Parallaxi
1171 4017 1314 4100 diurna
1338 4019 1551 4102 obnoxium
1574 4015 1708 4114 fuisse,
1739 4019 1921 4132 adeoque
1946 4049 2021 4104 non

743 4153 990 4212 tantumnon
1018 4125 1123 4211 fuisse
1156 4132 1352 4240 Vaporem
1376 4157 1557 4230 aereum,
1597 4131 1659 4215 sed
1687 4135 1726 4212 dc
1753 4133 1867 4216 etiam
1904 4136 2020 4218 multo
2147 4175 2148 4180 Ν

741 4241 973 4348 superiorem
990 4237 1150 4322 extitisse
1169 4240 1301 4323 Luni:
1333 4244 1451 4328 immo
1477 4249 1569 4330 nihil
1606 4243 1782 4328 obstabat
1806 4248 1899 4358 quin
1929 4249 2022 4328 iuter
2147 4329 2148 4336 χ

740 4349 841 4464 ipsos
870 4352 1042 4434 Planetas
1073 4349 1520 4444 collocareturs'frusira
1539 4361 1691 4442 interim
1726 4383 1862 4444 contra
1893 4361 2012 4444 obsite

735 4461 915 4578 pentibus
934 4462 1477 4562 scholasticoruuruonnullis.
1955 4575 1990 4663 T

1976 4613 2012 4694 3.
