4322 5686
657 499 778 657 ¹712*
893 553 1437 658 nsrnononra
1483 552 1841 630 rnrsrca

707 699 824 802 Prop.
856 714 918 774 IX.
951 691 1037 776 Lib.
1068 691 1131 784 1.)
1177 686 1294 796 pleno
1318 685 1426 768 Orbe
1444 679 1626 794 fulgeat,
1671 674 1895 768 lucidiffina
1914 695 2028 787 appt-⁵

705 801 846 888 rebits
899 822 1017 910 atque
1051 800 1118 881 lux
1150 797 1230 878 hac
1259 791 1410 877 dLuna
1432 791 1595 887 nostra,
1646 791 1760 871 etiam
1780 787 1901 897 pleno
1922 787 2029 868 Orbe

704 907 912 1008 fidente,
971 906 1183 1020 augebitur.
1275 906 1384 986 Luna
1414 899 1608 982 Tellurem
1639 921 1825 1007 perpetuo
1853 895 2028 978 comitari

705 937 934 1114 videbitur,
975 1040 1018 1098 ut
1039 1041 1174 1098 revera
1195 1008 1273 1110 fit,
1314 1017 1357 1094 δι
1378 1008 1478 1094 ultra
1494 1003 1632 1122 gradlls
1653 1001 1833 1090 semissem
1853 1001 2030 1113 quando·

705 1155 781 1238 que
802 1121 826 1208 ai
850 1123 1004 1208 Tellure
1024 1120 1183 1236 digredi

759 1293 892 1374 Venus
923 1289 1077 1373 unicum
1106 1288 1260 1374 obtinet
1285 1288 1481 1372 Planetam
1506 1283 1544 1370 se
1574 1285 1790 1371 inferiorem
1820 1346 1833 1385 ‚
1876 1287 2031 1368 Mercu-

704 1401 802 1483 rium
847 1427 880 1480 c.
906 1400 973 1509 qui
994 1425 1188 1507 nunquam
1211 1398 1361 1508 longius
1381 1396 1405 1482 d
1424 1399 1516 1482 Sole
1537 1422 1721 1508 evagatur
1742 1423 1857 1507 quam
1877 1411 1928 1496 38
1955 1396 2029 1475 cir-

705 1509 799 1591 citer
844 1508 1011 1603 artibus,
1039 1509 1186 1618 quique
1216 1505 1348 1589 similia
1370 1507 1553 1617 prebebit
1576 1502 1783 1612 spedacula
1809 1503 1950 1585 Veneri
1969 1525 2029 1584 at-

704 1535 1020 1807 que&l'enu1sssdc
1053 1617 1263 1701 Mercurius
1293 1617 1536 1713 Tetricolis‚
1579 1613 1630 1696 de
1667 1616 2027 1726 quibusProp.1v,

704 1749 751 1820 v,
835 1749 895 1807 vr.
999 1747 1068 1811 .1.

757 1866 1007 1956 Observatori
1033 1871 1073 1955 in
1104 1877 1256 1957 Venere
1284 1872 1489 1956 constituto
1518 1895 1597 1954 non
1624 1867 1771 1980 prorsus
1794 1863 1924 1953 desunt
1947 1897 2030 1954 me·

703 1983 803 2079 dia,
847 1981 986 2092 quibus
1022 1982 1248 2064 Coelestiun
1283 1981 1473 2066 distantias
1508 2007 1596 2062 cum
1630 1974 1702 2062 suis
1730 1974 1907 2062 mensuris
1932 2007 2030 2060 con-

703 2089 834 2178 serat3
876 2117 965 2170 nam
1004 2091 1164 2172 Veneris
1199 2086 1270 2173 sua:
1296 2090 1524 2173 diametrum
1552 2117 1639 2172 cum
1667 2084 1845 2171 mensuris
1872 2083 1942 2168 srbi
1971 2085 2028 2168 sa-

703 2196 910 2281 miliaribus
937 2197 1202 2306 comparabit,
1231 2197 1322 2281 sreut
1349 2225 1421 2280 nos
1449 2204 1574 2281 Terra
1601 2197 1735 2279 nostra
1763 2225 1850 2280 cum
1873 2195 2026 2290 nostris,

701 2333 770 2494 per
798 2303 926 2388 Schol.
954 2309 1068 2414 Prop.
1100 2327 1216 2390 xvrr.
1245 2307 1331 2390 sib.
1366 2332 1414 2390 11.
1445 2311 1485 2388 δι
1512 2305 1713 2388 Parallaxis
1741 2309 1905 2401 Terre,
1949 2305 2025 2386 So-

715 2417 728 2494 i
755 2411 969 2522 opposrtae,
1044 2411 1228 2526 uadruplo
1267 2417 1390 2520 major
1427 2415 1480 2498 est
1515 2414 1700 2497 Parallaxi
1727 2413 1826 2498 Solis
1852 2413 1876 2496 ὲ
1905 2417 2024 2495 Terra

700 2517 892 2631 spedati‚
933 2527 972 2602 δι
1000 2441 1090 2605 ideo
1119 2551 1198 2605 non
1226 2521 1374 2634 prorsus
1402 2518 1617 2606 insensibilis
1651 2559 1661 2604 ε
1719 2517 1925 2606 Innotescit
1953 2521 2025 2630 igi-

700 2657 762 2712 tur
799 2633 896 2732 ratio
936 2629 1111 2714 diametri
1146 2626 1216 2714 suae
1255 2633 1416 2716 Veneris
1456 2631 1505 2716 ad
1544 2631 1754 2714 distantiam
1787 2635 1915 2713 Terrae
1941 2627 2024 2712 Soli

701 2735 882 2846 oppositae
917 2743 956 2819 &
991 2737 1220 2852 retrograda
1253 2740 1277 2826 ὲ
1314 2746 1503 2836 Venere;
1544 2741 1621 2823 hoc
1646 2742 1732 2835 est,
1769 2733 2023 2826 differentiam

699 2846 958 2930 distantiarum
995 2850 1225 2931 Veneris&
1253 2846 1583 2938 Terraeasoles
1624 2849 1704 2932 brec
1730 2844 1826 2931 verb
1854 2847 2021 2930 Paralla·

699 2956 755 3034 xis
789 2956 828 3034 in
868 2955 1023 3142 reliquis
1060 2956 1223 3040 Planetis
1252 2963 1270 3058 (
1281 2961 1396 3041 etiam
1431 2955 1518 3040 crim
1546 2954 1628 3042 suo't
1656 2957 1800 3041 Veneri
1828 2955 2019 3066 proximi)

699 3057 915 3142 insensrbilis
969 3091 1033 3145 ere
1069 3065 1134 3147 est.
1220 3067 1341 3173 Qod
1379 3065 1410 3147 sr·
1442 3071 1574 3150 Venus
1610 3089 1759 3150 motum
1786 3058 1893 3146 strum
1923 3064 2020 3146 circa

698 3169 831 3250 Solem
867 3165 1083 3280 agnoscat,
1125 3174 1264 3257 exinde
1296 3175 1453 3286 colliget
1488 3176 1676 3258 rationem
1701 3175 1801 3256 inter
1824 3171 2017 3254 distantias

697 3277 936 3359 Planetarum
968 3277 991 3362 d
1026 3280 1156 3378 Sole,
1199 3280 1292 3366 srcut
1325 3283 1528 3366 Terricolae
1555 3283 1783 3394 colligunt:
1841 3284 1890 3364 Et
1919 3280 2019 3363 datis

693 3408 826 3467 autem
855 3385 1004 3469 ratione
1031 3389 1130 3471 inter
1157 3389 1265 3474 binas
1292 3394 1558 3504 quantitates,
1611 3395 1651 3473 δι
1678 3389 1890 3473 differentia
1916 3391 2017 3470 inter

696 3491 814 3588 illas,
856 3492 994 3578 dantur
1039 3491 1123 3606 ipsae
1164 3500 1430 3607 quantitates,
1466 3505 1506 3584 δι
1534 3494 1810 3610 consequenter
1834 3497 1908 3580 aliae
1936 3495 2015 3576 istae

695 3599 802 3714 datas
840 3599 890 3680 ad
933 3600 1066 3686 harum
1103 3605 1320 3690 alterutram
1360 3611 1526 3692 rationes
1560 3608 1756 3691 habentes.
1841 3607 1906 3690 Sin
1932 3633 2022 3686 mo-

696 3733 778 3788 tum
816 3704 1001 3792 domicilii
1037 3706 1091 3795 sui
1128 3742 1207 3796 non
1235 3711 1412 3827 agnoscat
1439 3718 1582 3802 Oculus
1611 3718 1649 3798 in
1677 3720 1830 3799 Venere
1854 3709 2020 3822 positus,

695 3813 869 3938 ordinem
892 3816 1065 3944 'quidem
1103 3814 1335 3931 superiorum
1378 3829 1456 3926 (ex
1484 3826 1614 3938 regula
1642 3829 1757 3936 Prop.
1788 3850 1815 3905 1.
1845 3820 2019 3918 tradita)

696 3927 920 4025 conjeduns
947 3926 1145 4027 stabiliet,
1184 3930 1374 4016 distantias
1400 3931 1495 4016 verb
1524 3935 1721 4030 minime,
1768 3955 1809 4012 ut
1835 3929 1886 4012 de
1911 3931 2018 4012 Mer·

694 4031 823 4112 curiali
854 4029 1090 4118 Astronomo
1117 4039 1156 4120 in
1183 4041 1418 4148 praecedente
1451 4038 1593 4124 dictum
1621 4041 1686 4122 est.
1769 4041 1832 4122 De
1862 4041 2014 4120 Mercu·
2155 4033 2156 4052 ¹

636 4188 639 4194 ·
694 4135 739 4214 rii
775 4132 948 4250 Solisque
981 4144 1119 4228 ordine
1148 4148 1292 4232 eaedem
1321 4148 1540 4259 ambigendi
1567 4151 1733 4233 rationes
1759 4173 1845 4252 quae
1875 4147 2013 4229 veteri·

694 4240 765 4321 bus
792 4239 1064 4348 Astronomis‚
1106 4255 1267 4338 Telluris
1296 4258 1463 4354 incolis,
1509 4255 1558 4340 de
1585 4256 1805 4353 Mercurii,
1853 4255 2013 4336 Veneris

692 4342 867 4461 Solisque
896 4355 1056 4446 ordiner
1085 4358 1167 4474 aliis
1196 4363 1516 4454 corruendentibus
1544 4367 1776 4488 Mercurium
1804 4353 2014 4552 elsesgulpra

1946 4492 2012 4548 em
