4420 5692
277 534 321 610 θ
360 525 747 608 GEOMETRICAE
785 527 1126 605 ELEMENTA.
1162 531 1266 606 zm.
1296 533 1364 608 IV.
1436 559 1509 632 477

205 661 440 752 insenfibiles
468 665 550 752 fere
580 665 677 766 smt,
702 671 743 750 de
770 693 853 751 non
875 665 943 750 nist
974 670 1060 782 post
1085 669 1214 780 plures
1235 670 1506 758 revolutiones
1526 695 1700 762 nautor.
1756 655 1760 670 ⁸

205 780 424 880 notabiles,
448 781 592 893 aliique
617 782 667 864 ab
689 781 773 866 aliis
802 782 1009 866 Erroribus
1044 773 1364 896 compensentur,
1390 787 1508 872 adeo·
1547 851 1551 861 ,

206 922 286 1007 que
308 893 550 978 Astronomis
573 897 701 980 minus
725 895 838 985 notir
863 923 960 979 unus
984 892 1118 979 saltem
1143 901 1198 981 est
1225 902 1361 996 Error,
1388 904 1506 1015 Prop.

205 1031 235 1092 1.
268 1003 507 1118 descriptus,
541 1038 624 1122 quo
652 1010 837 1094 Satellitis
872 1034 1003 1095 motus
1035 1013 1077 1094 in
1122 1012 1270 1096 Orbitae
1303 1013 1506 1122 Qtadran·

204 1121 308 1206 tibus
343 1147 434 1206 ante
464 1124 649 1234 Syzygias
684 1121 947 1220 acceleratur,
985 1124 1026 1206 in
1111 1125 1503 1212 oadrantibus·ver0

202 1235 288 1349 post
315 1235 399 1318 illas
433 1241 673 1332 retardatur,
699 1239 769 1348 qui
796 1237 950 1349 smgulis
984 1240 1299 1324 revolutionibus
1333 1267 1401 1325 aut
1431 1270 1503 1352 po-

199 1351 275 1432 tius
305 1345 726 1434 semi-revolutionibus
754 1351 977 1461 perficitur:
1007 1352 1046 1434 in
1068 1353 1274 1457 Quadrato
1303 1357 1406 1436 enirn
1434 1359 1502 1441 So·
1603 1365 1607 1370 '

197 1463 246 1546 lis
282 1459 397 1548 cellat
433 1467 551 1546 Error
583 1463 676 1560 hic,
722 1459 888 1548 cessante
927 1462 1050 1548 cauli.
1109 1467 1377 1579 Errorigirur
1405 1468 1499 1568 hic,

198 1603 318 1690 prout
342 1607 390 1660 ex
419 1578 519 1661 dida
548 1581 665 1691 Prop.
697 1603 726 1660 1.
759 1577 993 1676 deducitur,
1037 1604 1105 1663 aut
1140 1579 1270 1692 potius
1299 1578 1395 1665 ficut
1429 1609 1499 1694 per

196 1691 340 1776 Corol.
378 1695 496 1804 Prop.
544 1715 600 1774 11.
644 1687 878 1804 corrigitur,
922 1719 993 1802 per
1039 1697 1156 1804 Prop.
1198 1693 1299 1780 hanc
1345 1719 1496 1780 xvttt.

232 1809 346 1890 audo
373 1828 440 1890 aut
475 1807 627 1893 minuto
658 1805 863 1918 periodico
898 1807 977 1908 ejus
1008 1813 1248 1920 Tempore)
1278 1805 1317 1888 in
1347 1810 1497 1924 integra

202 1945 252 2004 ua
287 1917 453 2032 periodo
491 1947 652 2032 augetur
678 1919 743 2004 vel
775 1918 1000 2004 diminuitur
1036 1921 1075 2004 in
1114 1922 1310 2034 duplicata
1343 1926 1495 2010 tatione

187 2036 374 2146 temporis
403 2035 504 2116 inter
536 2033 814 2140 Qtadraturas.
888 2031 967 2119 Sed
1008 2060 1161 2146 tempus
1190 2035 1288 2118 inter
1321 2037 1495 2144 Qtadra·

187 2171 291 2232 tutas
317 2175 400 2232 non
431 2145 454 2230 a
482 2145 563 2231 sola
591 2147 760 2259 periodo
785 2146 956 2260 pendet,
989 2141 1056 2231 sed
1095 2149 1216 2254 majus
1245 2149 1299 2232 est
1324 2152 1494 2233 autmi-

185 2287 259 2344 nus
283 2288 356 2394 pro
385 2261 574 2395 satellitis
598 2262 693 2346 loco
721 2261 760 2344 in
792 2263 950 2376 propria
990 2262 1133 2348 Orbita
1168 2261 1307 2378 Apfidi
1340 2257 1492 2350 summa

183 2397 255 2460 aut
281 2403 367 2460 tmae
396 2402 589 2459 vtcmtort.

436 2567 983 2656 PROPOSITIO
1079 2569 1237 2652 XIX.

182 2751 231 2837 Si
255 2757 466 2842 Primnriur
499 2753 599 2840 cr‘rcu
634 2759 871 2870 longinquum
902 2752 1024 2836 Solem
1054 2761 1098 2836 in
1134 2753 1249 2844 Orbe¹
1270 2753 1493 2842 Exrenrri‘co.

242 2898 435 2956 moveatur
456 2910 477 2957 ‚·
523 2867 621 2954 Solis
666 2871 778 2951 Vires
829 2865 1014 2950 Suedius
1058 2894 1195 2951 motum
1229 2869 1491 2980 perturbantes

229 2983 433 3100 harumque
458 2981 626 3096 effessius,
665 3015 784 3066 omnes
806 2981 862 3092 st.
888 2981 1005 3098 stupra
1030 2981 1200 3093 descripti
1230 2981 1383 3066 Errores
1409 3009 1490 3065 ram

230 3107 274 3182 r'n
308 3101 571 3212 longitudinem
607 3129 719 3212 quam
760 3107 803 3181 in
848 3098 1087 3179 latitudinem
1134 3094 1180 3188 ῤ’
1219 3095 1487 3184 altitudinem,

218 3211 310 3322 fiunt
352 3221 531 3325 reciproce
568 3237 610 3294 ut
653 3210 748 3296 Cubi
780 3209 1044 3310 distantiarum
1082 3211 1274 3294 Primorii
1315 3211 1340 3293 ri
1370 3207 1489 3302 Soles

192 3327 295 3414 .hor
328 3329 396 3432 est,
435 3327 572 3408 direiie
607 3351 649 3410 ur
682 3321 776 3428 Cubi
803 3325 1069 3410 diametrorum
1094 3332 1356 3438 apparentium
1391 3321 1490 3406 dotis

229 3444 249 3525 ὲ
279 3444 474 3526 Primurio
494 3421 667 3550 spediuri.

289 3633 466 3722 Uoniam
483 3633 554 3718 Sol
573 3633 733 3745 ponitur
752 3631 1016 3744 longinquus,
1042 3631 1217 3718 distantia
1244 3630 1346 3716 inter
1365 3661 1489 3744 punc·

289 3776 380 3834 tar
406 3755 445 3832 δι
473 3775 502 3830 u
536 3773 611 3856 prae
643 3777 660 3830 s
689 3777 716 3830 τ
752 3741 977 3839 evanescit,
1011 3741 1088 3826 srve
1122 3769 1319 3840 su,sv
1347 3773 1474 3858 aequa-
1516 3751 1616 3828 *la-²·
1692 3795 1699 3816 ι

167 3867 226 3950 les
249 3859 347 3961 sunt.
377 3865 562 3974 Cumque
584 3861 732 3946 Orbitae
768 3887 793 3942 c
822 3887 844 3941 s
870 3883 897 3941 t>
927 3885 951 3942 o
981 3859 1255 3940 Excentricitas
1272 3855 1336 3966 (st
1362 3885 1479 3972 quam

165 3979 289 4064 habet
315 3996 332 4088 )
364 3976 416 4061 ad
445 4004 516 4058 rs
548 3999 772 4086 comparata
791 3967 922 4059 ‘etiam
949 3964 1172 4066 evanescat,
1210 3973 1282 4053 erit
1316 3997 1333 4054 s
1362 4000 1390 4054 tt
1420 3975 1480 4054 iti-

165 4093 264 4177 dem
291 4091 447 4203 aequalis
481 4114 567 4171 su.
630 4093 788 4187 Portu,
832 4081 982 4175 minuti
1011 4083 1077 4166 vel
1109 4080 1220 4168 anua
1243 4111 1270 4166 r
1298 4110 1341 4183 s,
1367 4086 1481 4169 Orbi·

165 4233 208 4292 ta
231 4233 259 4287 c
278 4231 300 4287 u
321 4231 348 4288 u
368 4231 395 4287 o
417 4229 492 4288 una
519 4205 735 4318 emulineis
749 4203 838 4286 hinc
856 4197 1115 4312 pendentibus
1146 4227 1172 4282 r
1193 4218 1244 4298 ι’,
1272 4225 1304 4281 u
1324 4222 1377 4297 u,
1404 4229 1430 4282 n
1448 4227 1480 4284 u

163 4325 248 4408 dcc.
280 4342 467 4432 augentur
498 4317 564 4400 vel
601 4317 866 4400 diminuuntur
897 4341 967 4426 per
995 4317 1111 4424 Ptop.
1143 4339 1256 4424 praec.
1314 4316 1365 4396 Et
1397 4317 1483 4428 qui-

162 4435 263 4520 dem
288 4433 343 4518 ob
371 4430 700 4544 longinquitatem
729 4431 836 4538 Solis·
861 4458 879 4512 s
906 4453 1044 4510 omnes
1076 4425 1133 4510 ha
1158 4428 1198 4509 in
1222 4425 1360 4513 eadem
1393 4457 1483 4541 pro·

161 4546 356 4664 portione
387 4572 577 4658 augentur
601 4546 665 4630 vel
698 4545 965 4632 diminuuntur
989 4572 1004 4630 r
1034 4539 1113 4626 hoc
1140 4543 1218 4642 cst,
1253 4546 1356 4628 resia
1395 4571 1422 4626 n
1449 4567 1483 4624 u

283 4657 438 4774 Gregori
461 4657 558 4767 Astr.
590 4655 689 4744 Tem.
714 4663 765 4746 11.
1013 4655 1052 4738 G
1361 4653 1484 4767 (quas
