4376 5694
693 653 788 744 „a
928 625 1836 716 nanneno-umerorum

512 786 730 876 ramme&
754 808 783 866 v
819 805 955 893 parum
974 763 1147 878 distant,
1174 775 1266 862 ideo
1292 781 1464 885 Tempus
1490 767 1789 873 Conjunfiionis
1815 760 1901 856 visae
1919 763 2003 852 vus*

547 892 597 972 ἃ·
610 913 635 967 5·
694 925 749 1010 go
780 897 946 982 habetur
970 925 1042 1010 pro
1076 915 1281 978 momento
1302 893 1478 974 maximae
1504 882 1814 970 obscurationis.

923 1081 1460 1172 PnoPosltto
1545 1077 1756 1166 xum

631 1339 633 1344 ι
703 1277 857 1390 Tempus
891 1279 1004 1360 Initii
1032 1273 1204 1376 &Rau
1235 1269 1388 1384 Eclipfis
1414 1266 1557 1352 Solaris
1580 1273 1667 1350 datu
1698 1263 1830 1372 Menst
1870 1273 2006 1348 conum

754 1399 878 1504 gemis
905 1389 950 1485 ῤ’
982 1399 1036 1474 ἐκ·
1052 1391 1139 1474 dato
1170 1387 1272 1474 Luco
1296 1385 1379 1499 visi
1395 1442 1419 1474 „
1457 1383 1616 1498 adeoque
1646 1377 1892 1470 Duratiouetu
1917 1385 2008 1484 integ

753 1536 865 1616 gram
893 1507 1148 1591 determinare.

577 1708 629 1785 fu·
644 1721 671 1770 ⁷·
703 1695 953 1892 CAEteris
983 1697 1227 1784 manentibus
1252 1721 1423 1814 ponatur
1459 1695 1608 1780 Lumm
1641 1717 1737 1782 xm
1779 1691 1819 1776 in
1839 1695 1915 1780 Via
1944 1689 2016 1778 sna*

828 1810 906 1898 visa
934 1836 1007 1896 AN
1045 1815 1347 1924 procedentem,
1372 1810 1506 1896 Solem
1538 1833 1613 1892 rra
1641 1809 1866 1920 contingere
1889 1810 2006 1893 adn:

709 1927 889 2044 quaritur
922 1934 1091 2040 Tempus
1128 1927 1289 2043 quando
1322 1928 1400 2011 hoc
1440 1921 1595 2010 accidit.
1654 1924 1804 2009 Centra
1834 1923 2010 2008 Lumina·

706 2047 806 2146 ,rium
832 2070 851 2124 s
883 2044 967 2124 &u
993 2069 1083 2126 arcu
1105 2042 1426 2146 circusimaximi
1457 2065 1519 2122 su
1558 2043 1776 2152 jungantur.
1822 2039 1869 2123 itt
1901 2041 2009 2122 trian-

709 2157 805 2269 gulo
833 2181 937 2236 surr.
963 2180 1100 2268 prater
1117 2163 1261 2241 testum
1281 2155 1332 2240 ad
1356 2181 1388 2239 u
1422 2153 1568 2240 dantur
1586 2157 1705 2238 latera
1731 2177 1823 2250 su,
1852 2177 1937 2249 su,
1965 2151 2011 2234 ri-

710 2269 779 2354 lud
804 2271 843 2350 in
868 2272 995 2381 Prop..
1018 2295 1129 2380 praec.
1164 2271 1492 2367 determinatum,
1531 2267 1609 2350 hoc
1632 2266 2012 2351 Semidiametrorum

681 2479 687 2490 ,
710 2382 970 2468 luminarium
997 2407 1048 2466 sn
1061 2442 1074 2482 ,
1101 2409 1165 2467 tn
1189 2409 1462 2496 aggregatumr
1490 2377 1840 2492 innotescet-igitur
1860 2406 1936 2464 nrt.
1961 2405 2022 2463 an·

711 2525 801 2594 cus,
830 2523 899 2608 per
916 2502 1071 2582 Motum
1098 2500 1215 2582 Luuae
1245 2497 1268 2581 a
1295 2499 1410 2594 Sole,
1436 2495 1497 2579 ad'
1513 2491 1634 2580 visum
1658 2496 1933 2610 percurrendus
1957 2496 2014 2578 in·

712 2637 770 2694 ter
795 2609 950 2693 Initium
983 2607 1138 2724 Eclipfis
1171 2618 1212 2694 δέ
1250 2637 1493 2696 momentum
1525 2612 1696 2696 maxima
1723 2607 2014 2697 obscurationis

711 2725 817 2836 (per
852 2725 974 2837 Prop(
993 2753 1104 2836 praec.
1134 2727 1335 2838 cognitum
1357 2735 1376 2831 )
1417 2725 1677 2836 contingentis
1708 2751 1796 2808 cum
1841 2749 2014 2807 centrum

710 2837 828 2923 Luna
856 2835 908 2920 ad
936 2863 966 2918 tr
988 2842 1246 2951 pervenerit-z
1275 2839 1449 2951 ideoque
1476 2843 1516 2921 &
1538 2839 1627 2925 huic
1653 2840 1693 2921 in
1725 2838 1912 2952 Ecliptica
1946 2833 2024 2924 res-
2171 2911 2172 2954 p

712 2950 892 3062 pondens
920 2951 970 3033 ab
999 2981 1020 3034 s
1046 2947 1249 3037 retrorsum
1279 2975 1554 3067 computatur,
1593 2981 1734 3066 nempe
1753 2979 1771 3036 s
1788 2976 1824 3034 ε.
1854 2950 1920 3036 Ad
1949 2953 2014 3066 de:
2130 3019 2132 3022 .

712 3062 998 3146 terminandum
1038 3091 1189 3178 tempus
1226 3068 1276 3150 ad
1305 3067 1383 3150 hoc
1416 3065 1666 3178 requistum,
1713 3089 1931 3180 quaerantur
1965 3069 2018 3152 ad

712 3173 941 3288 assumptum
959 3201 1111 3292 tempus
1145 3185 1327 3282 (Horam
1352 3175 1509 3265 binasve
1524 3185 1680 3279 Horas,
1706 3205 1823 3294 prout
1847 3181 2014 3267 Duratio

710 3288 868 3400 Eclipfis
888 3317 1038 3404 magna
1052 3297 1105 3378 est
1128 3295 1194 3377 uel
1223 3319 1374 3406 parva,
1419 3294 1607 3408 quod-ex«
1634 3295 1833 3406 parvitate.
1849 3319 1917 3377 aut
1941 3325 2017 3382 ma-

710 3403 915 3516 gnitudine
937 3403 1046 3490 arctis
1073 3433 1134 3490 sm
1160 3404 1424 3521 dignoscitur;
1450 3433 1574 3519 atque
1594 3407 1657 3494 hic
1684 3404 1806 3492 ntrsrrs
1835 3435 1886 3492 eo
1908 3436 2029 3495 accu··

713 3519 856 3616 rariora
882 3516 977 3602 sient
1002 3521 1157 3620 omnia,
1182 3549 1263 3634 quo
1286 3521 1516 3633 assumptum
1542 3548 1694 3638 tempus
1714 3523 1842 3636 magis
1865 3525 2022 3611 accedit

713 3627 767 3714 ad
787 3631 1132 3722 Semidurationem
1154 3633 1342 3749 Eclipsrs)
1372 3661 1464 3720 ante
1491 3637 1691 3749 cognitum
1727 3634 2020 3726 obscurationis

716 3745 890 3828 maxima
920 3771 1163 3831 momentum
1201 3753 1463 3834 Luminarium
1491 3753 1598 3835 Loca
1633 3752 1885 3864 apparentia,
1930 3781 2020 3866 qu:

714 3857 767 3941 ad
792 3859 1017 3970 Eclipticam
1045 3863 1201 3948 reducta
1223 3863 1359 3973 (Solis
1380 3868 1488 3948 Loco
1512 3864 1603 3950 ads
1629 3865 1852 3980 provecto)
1873 3864 2030 3951 faciant·

714 3973 932 4057 distantiam
964 3975 1003 4056 in
1030 3977 1218 4088 Ecliptica
1253 4001 1517 4090 computatam
1543 4003 1619 4064 cs„
1639 3981 1821 4092 Cognito
1840 4003 2021 4093 tempore

716 4082 895 4196 (quippe.
918 4079 1146 4200 assumpto)
1172 4120 1256 4202 quo
1281 4121 1391 4176 arcus
1421 4093 1616 4206 Eclipticae
1645 4119 1763 4179 notua
1797 4119 1854 4176 cs
1899 4099 2020 4179 Motu

711 4199 830 4279 Lunae
856 4196 879 4281 i
910 4202 1004 4287 Sole
1029 4205 1284 4314 percurriturr
1321 4202 1535 4292 innotescet
1560 4213 1601 4292 δι
1626 4233 1780 4320 tempus
1814 4235 1898 4317 quo
1920 4209 2021 4294 airer

661 4383 678 4416 ,
715 4314 894 4420 cognitus
926 4341 983 4397 us
1009 4316 1152 4400 eodem
1192 4323 1308 4403 Motu
1338 4318 1498 4404 Lunaeai
1526 4323 1620 4408 Sole
1658 4318 1914 4414 describiturc
1939 4323 2022 4406 hoc

714 4423 788 4518 est,
829 4447 979 4537 tempnt
1017 4427 1253 4535 interjesium
1297 4437 1399 4520 inter
1441 4461 1682 4522 momentum
1725 4428 2023 4520 obscurationis

713 4537 888 4621 maxime
914 4546 953 4622 &
994 4543 1365 4656 Ecsipsmlnirium:
1401 4546 1479 4629 Sed
1514 4550 1608 4632 illud
1645 4577 1716 4660 per
1749 4553 1866 4662 Prop.
1905 4577 2021 4661 praec.

714 4650 1010 4740 determinanun
1034 4659 1109 4750 estu
1135 4659 1249 4773 igitur
1272 4668 1313 4746 &
1336 4665 1413 4748 hoc
1432 4685 1572 4748 uotum
1595 4665 1685 4750 erit.
