4346 5676
1234 551 1480 664 ·(⁶)

752 713 811 798 rio
838 708 1043 796 necessario
1077 709 1208 792 locum
1238 707 1384 809 habere
1419 707 1696 792 demonstravit
1722 737 1733 787 r
1771 707 2046 798 verumetiam

752 831 1009 912 Cometarum
1034 823 1290 906 Phaenomena
1320 824 1456 904 omnia
1491 847 1543 903 ex
1576 817 1707 904 iisdem
1746 823 1944 931 Principiis
1970 826 2047 908 cvi·

752 943 889 1040 denter
917 934 1113 1048 consequi
1172 937 1219 1017 Id
1249 936 1360 1049 qnod
1385 935 1569 1048 exemplo
1585 935 1753 1046 praedieti
1778 936 1957 1019 Cometae
1985 964 2047 1020 an.

751 1057 793 1134 ni
821 1067 941 1142 1680.
963 1051 1117 1134 abunde
1130 1049 1331 1134 illustravit
1344 1106 1359 1146 ,
1384 1049 1624 1162 modumque
1648 1048 1784 1130 docuit
1802 1049 2048 1138 Geometrice

750 1163 998 1250 construendi
1039 1161 1198 1246 Orbitas
1234 1163 1516 1252 Cometarumr
1563 1162 1847 1273 Problemaque
1884 1161 2047 1246 arduum

722 1305 795 1364 ,ac
824 1300 934 1361 tanto
962 1275 1119 1388 Oedipo
1145 1275 1305 1388 dignum
1333 1273 1476 1360 summa
1508 1303 1596 1358 cum
1625 1277 1799 1358 omnium
1829 1273 2048 1361 admiratio·

749 1419 800 1474 ne
823 1386 994 1476 resolvit.
1039 1392 1251 1474 Cometam
1278 1413 1407 1472 autem
1433 1389 1537 1471 hunc
1559 1388 1599 1471 in
1621 1389 1718 1474 orbe
1735 1387 1958 1499 parabolice
1974 1391 2047 1470 So·

748 1505 827 1590 lem
846 1500 1067 1588 circumiilse
1095 1503 1237 1614 probat
1255 1559 1268 1599 ‚
1297 1505 1350 1584 ita
1367 1524 1408 1583 ut
1430 1504 1540 1585 Areae
1557 1503 1607 1586 ad
1623 1502 1814 1586 Centrum
1833 1500 1932 1586 Solis
1952 1503 2046 1584 aesti.

748 1643 864 1702 matae
882 1616 1144 1726 Temporibus
1168 1615 1479 1727 proportionales
1503 1614 1657 1698 suerint.
1780 1681 1784 1686 .
1856 1644 1861 1654 ·

805 1731 921 1818 Tanti
954 1731 1027 1815 viri
1055 1723 1429 1842 vestigia·insecutus
1452 1729 1616 1814 eandem
1642 1727 1865 1820 methodum
1891 1729 2047 1814 calculo

747 1841 1011 1934 Arithmetico
1037 1839 1334 1924 accommodare
1358 1837 1546 1952 aggressus
1573 1835 1683 1937 sum,
1714 1861 1786 1924 nec
1809 1842 1919 1925 irrito
1964 1846 2045 1926 Co-

747 1958 917 2040 namine.
977 1954 1169 2070 Undique
1194 1955 1297 2036 enim
1326 1947 1549 2065 conquisitis
1579 1954 1835 2038 Cometarum
1855 1950 2045 2038 Observa.

746 2067 955 2165 tionibus,
979 2067 1181 2153 Tabellam
1207 2069 1336 2164 banc,
1370 2067 1541 2156 immenst
1566 2093 1666 2177 pene
1683 2069 1839 2152 Calculi
1866 2066 2044 2165 studium,

747 2179 941 2276 othnui‚
980 2182 1158 2291 exiguum
1186 2178 1343 2292 quidem
1368 2173 1433 2263 sed
1459 2208 1540 2287 non
1574 2181 1763 2292 ingratum
1801 2180 2044 2290 Astronomis
2158 2283 2159 2300 Ν

677 2299 679 2302 ’
747 2318 899 2379 munus.
928 2291 979 2375 Hi
1010 2292 1153 2376 etenim
1179 2293 1326 2377 numeri
1344 2293 1424 2375 vim
1441 2293 1586 2376 habent
1611 2295 1741 2380 omnia
1758 2301 1843 2403 qua}
1876 2291 1926 2382 de
1961 2321 2046 2377 mo·
2158 2303 2159 2334 ³

669 2491 671 2498 ,
747 2431 791 2492 tu
825 2406 1081 2489 Cometarum
1113 2407 1294 2492 haetenus
1321 2403 1525 2490 observata
1559 2401 1642 2489 sunt
1678 2404 1951 2492 accuratiffime
1987 2437 2042 2493 re·

686 2536 687 2545 ‘
747 2511 1021 2632 praesentandi,
1045 2547 1123 2630 ope
1152 2516 1267 2610 solius
1287 2520 1445 2606 Tabulae
1461 2521 1661 2604 Generalis
1686 2515 1952 2632 insequentis,
1979 2523 2042 2605 cui
2158 2497 2159 2530 l

745 2631 981 2718 adornandae
1008 2634 1121 2716 nullis
1154 2629 1241 2717 sane
1264 2636 1418 2746 peperci
1442 2633 1671 2729 laboribus,
1703 2659 1746 2718 ut
1764 2629 1933 2746 persella
1956 2661 2041 2744 pro-

678 2791 685 2798 ·
746 2743 868 2840 diret,
889 2766 1028 2854 utpote
1052 2747 1267 2840 posteritati
1282 2741 1511 2837 consecrata
1534 2771 1580 2836 ac
1604 2771 1691 2838 rum
1716 2745 1884 2835 scientia
1912 2743 2040 2836 Astro-

746 2858 903 2944 nomica
919 2855 1112 2950 duratura.
1603 2885 1605 2890 ’
