4336 5692
711 662 781 757 (μ
834 603 838 614 ’
906 643 1453 752 '‘arrnouuurae
1513 643 1863 726 rursm
1928 697 1930 704 ,

705 791 790 894 ejus
820 767 1074 884 vel'ocitatem
1104 783 1146 866 in
1175 787 1322 895 punito
1364 805 1390 865 c
1432 776 1509 868 effe
1548 781 1751 897 reciproce
1776 811 1822 870 ut
1849 811 1912 870 su
1943 804 2024 900 per:

705 899 960 1018 ,pendiculum
987 897 1127 985 asoco
1144 905 1180 982 's
1201 897 1245 981 in
1279 899 1423 982 reiiam
1448 923 1514 980 cu
1542 922 1769 1012 tangentem
1793 900 2021 986 Parabolam

706 1018 751 1103 in
781 1045 837 1115 c,
863 1013 943 1100 five
968 1011 1224 1100 velocitatem
1253 1011 1431 1126 corporis,
1455 1013 1496 1094 in
1519 1038 1547 1124 ρ
1579 1009 1657 1096 eise
1680 1009 1731 1096 ad
1762 1009 1933 1122 ejusdem
1965 1043 2023 1100 ve·

651 1124 678 1227 J
703 1133 912 1218 locitatent
934 1129 974 1212 in
1003 1129 1027 1210 c'
1050 1151 1095 1211 ut
1126 1154 1182 1210 se
1205 1126 1257 1210 ad
1283 1147 1376 1211 se:
1417 1125 1496 1210 Sed
1549 1125 1644 1236 (ex
1667 1128 1813 1214 Cotol.
1851 1151 1887 1216 1.
1907 1132 2022 1242 Prop.

705 1244 852 1360 praec.)
877 1272 936 1328 vse
961 1239 1090 1328 estad
1115 1261 1173 1324 su
1197 1240 1239 1324 in
1276 1237 1543 1354 subduplicata
1571 1241 1724 1326 ratione
1745 1247 1854 1326 reuae
1880 1271 1899 1327 s
1925 1273 1944 1323 c
1973 1239 2022 1328 ad

590 1437 595 1466 ,
704 1363 850 1446 teitan
878 1383 977 1448 scr
1010 1361 1050 1441 &
1082 1355 1200 1466 igitur
1224 1355 1420 1441 velocitas
1462 1356 1638 1468 corporis
1666 1355 1706 1438 in
1732 1381 1759 1440 c
1785 1357 1840 1442 est
1868 1357 2021 1460 adeius

704 1472 963 1558 uelocitatem
986 1471 1071 1555 inc
1094 1472 1137 1552 in
1161 1462 1429 1586 subduplicata
1449 1469 1603 1554 tatione
1627 1473 1737 1554 reniae
1770 1499 1829 1554 sc
1863 1471 1915 1554 ad
1943 1497 2022 1554 rec·

706 1610 787 1671 tam
812 1611 918 1676 aer
969 1585 1048 1669 hoc
1074 1583 1159 1682 est,
1202 1584 1379 1699 eorporis
1406 1584 1681 1670 velocitasrest
1701 1579 1847 1670 inverse
1872 1585 1913 1668 in
1939 1582 2021 1671 sub·

699 1699 906 1816 'duplicata
929 1699 1082 1786 tatione
1111 1698 1192 1805 ejus
1215 1695 1448 1784 distantiaea
1481 1694 1592 1784 foco.
1643 1701 1701 1807 Q
1724 1701 1771 1786 E.
1796 1701 1850 1784 D.

955 1887 1510 1978 PRO-POSITIO
1595 1889 1745 1974 xv1.

702 2081 849 2194 [afilem
872 2081 1019 2194 postris,
1049 2083 1230 2166 velocitas
1264 2085 1418 2191 corporis
1449 2085 1492 2162 in
1529 2082 1660 2190 quovit
1695 2077 1884 2163 Parabola
1905 2105 2018 2193 punc.

727 2193 729 2198 ’
760 2221 803 2280 to
831 2200 882 2305 ss
903 2197 959 2280 ad
977 2201 1215 2281 velocitatem
1259 2201 1411 2307 corporri
1437 2197 1663 2278 revolventis
1690 2199 1734 2274 in
1759 2197 1925 2282 circulo,
1951 2202 2020 2277 cir·

761 2341 808 2395 ca
846 2313 945 2396 idem
983 2336 1147 2396 centrum
1188 2315 1335 2393 virium
1368 2309 1424 2391 ad
1461 2309 1614 2393 eandem
1644 2307 1862 2392 distantiam
1892 2309 2020 2420 descri-

696 2511 698 2537 ζ
757 2449 853 2540 ptr,
894 2449 948 2508 un
968 2425 1149 2510 diameter
1191 2423 1371 2540 quadrari
1409 2422 1466 2507 ad
1501 2421 1655 2536 ejufilenr
1677 2425 1789 2508 latas.

840 2621 930 2707 Am*
955 2619 1062 2733 (pet
1100 2617 1242 2704 Corol.
1278 2638 1314 2703 1.
1340 2619 1458 2731 Prop.
1494 2641 1600 2702 unt.
1635 2615 1725 2702 lib.
1765 2612 1837 2724 1.)
1864 2615 2014 2703 veloti-

850 2761 910 2820 tas
946 2731 1124 2845 corporis
1156 2731 1198 2815 in
1231 2729 1422 2818 Parabola
1464 2731 1564 2816 moti
1599 2731 1643 2815 in
1679 2730 1838 2816 minima
1872 2729 2014 2816 asoto

705 2850 885 2944 distantia
921 2847 1040 2959 (hoc
1079 2847 1160 2947 est,
1198 2844 1239 2928 in
1273 2844 1423 2931 vertice
1453 2842 1686 2955 Parabolae)
1708 2847 1764 2931 est
1791 2844 1843 2930 ad
1871 2845 2017 2930 veloci·

528 3055 538 3067 ,
707 2995 831 3058 tatem
868 2961 1043 3076 corporis
1085 2960 1126 3043 in
1166 2957 1338 3059 circulo,
1387 2959 1489 3045 circa
1530 2959 1635 3044 idern
1667 2984 1844 3044 centrum
1877 2959 2014 3044 vin'um

704 3084 761 3172 ad
798 3077 965 3184 eandem
999 3071 1218 3159 distantiam
1258 3075 1456 3186 gyrantis‚
1490 3075 1544 3158 in·
1566 3070 1689 3157 subdu
1719 3075 1833 3160 licata
1864 3073 2014 3158 ratione

642 3253 645 3262 ·
706 3192 927 3314 principalis
961 3187 1092 3276 lateris
1131 3186 1224 3273 resti
1266 3186 1466 3273 Parabolae
1504 3186 1555 3272 ad
1601 3105 1761 3299 duplgm
1797 3187 2013 3273 distantiam

706 3312 866 3398 vertitis
897 3303 922 3391 ὲ
954 3301 1087 3390 foco:
1123 3301 1203 3388 Sed
1240 3303 1438 3388 Parabolae
1482 3303 1581 3388 latus
1621 3307 1766 3387 rebium
1800 3301 2013 3418 principale

703 3425 858 3540 aequale
892 3417 946 3506 est
973 3415 1195 3535 quadruplo
1230 3415 1417 3506 distantiat
1452 3415 1553 3500 inter
1580 3417 1776 3502 Parabolae
1808 3415 1944 3502 focum
1974 3420 2013 3498 &

659 3539 667 3552 ⁴
705 3539 923 3625 verticemr
958 3539 999 3618 δι
1030 3532 1146 3646 igitur
1176 3533 1366 3626 velocitas
1398 3530 1574 3645 corporis
1608 3532 1648 3615 in
1675 3529 1863 3616 Parabola
1902 3553 1947 3614 ut
1960 3529 2017 3614 di·

705 3661 811 3740 Cium
845 3651 897 3733 est
927 3647 1051 3744 moti,
1084 3644 1178 3730 dum
1211 3649 1253 3730 in
1282 3647 1431 3731 vertice
1455 3653 1536 3754 ejus
1560 3647 1758 3744 veriatut,
1785 3647 1838 3730 est
1867 3643 1919 3729 ad
1947 3671 2015 3728 ve·

707 3769 910 3854 locitatem
943 3787 1013 3846 cor
1040 3761 1119 3846 oris
1152 3764 1194 3844 in
1231 3763 1376 3845 circulo
1389 3818 1403 3859 ,
1451 3763 1553 3844 circa
1592 3759 1698 3844 idem
1734 3785 1907 3844 centrum
1957 3759 2014 3841 vi·

701 3876 805 3970 rium
819 3877 883 3964 ‘ad
922 3903 993 3959 ean
1023 3903 1086 3960 em
1122 3875 1340 3958 distantiam
1371 3876 1576 3988 gyrantis‚
1606 3875 1647 3958 in
1677 3869 1943 3987 subduplitata
1961 3899 2012 3956 ra·

705 3998 817 4081 tione
848 3991 1082 4106 quaternarii
1119 3989 1170 4072 ad
1201 3990 1419 4079 binarium,
1454 3987 1534 4073 five
1559 3987 1698 4073 binarii
1727 3988 1779 4072 ad
1803 3987 2009 4077 unitatemr

706 4113 786 4196 hoc
816 4108 898 4204 est,
929 4107 968 4188 in
1009 4098 1088 4217 ipsa
1122 4105 1274 4189 ratione
1304 4131 1424 4217 quarn
1459 4101 1649 4190 diameter
1678 4103 1858 4217 quadrati
1894 4101 2011 4185 habet

703 4226 757 4312 ad
791 4216 959 4328 ejusdem
989 4219 1104 4303 latus.
1163 4212 1302 4304 Rursus
1332 4227 1349 4320 (
1376 4247 1445 4330 per
1469 4221 1585 4332 Prop.
1617 4225 1775 4334 pree.)
1819 4217 2008 4301 velocitas

705 4337 908 4450 corporis,
951 4335 991 4415 in
1022 4333 1101 4415 alio
1128 4333 1271 4446 quovis
1295 4333 1346 4419 ad
1371 4331 1525 4418 libitum
1544 4329 1733 4442 assumpto
1779 4335 1897 4416 undio
1924 4357 2008 4414 ver·

655 4537 658 4544 .
701 4445 819 4540 santis
831 4508 844 4547 ‚
858 4449 912 4538 est
927 4445 977 4527 ad
994 4447 1073 4546 ejus
1090 4448 1341 4532 velocitatem
1360 4447 1398 4530 in
1418 4449 1568 4533 uertice
1586 4450 1626 4531 in
1658 4441 1726 4530 sub
1758 4445 1927 4560 uplicata
1952 4469 2007 4527 ra·

702 4570 817 4658 tione
848 4561 1029 4645 distantia
1056 4563 1211 4646 verticis
1233 4559 1262 4646 ai
1279 4561 1374 4650 foco
1394 4560 1445 4646 ad
1466 4561 1693 4646 'distantiam
1724 4561 1883 4646 alterius
1905 4557 2006 4641 istius

698 4677 878 4799 assumpti
907 4676 1039 4793 puncti
1061 4676 1114 4790 ab
1141 4675 1317 4785 eodemz
1351 4676 1450 4789 Et(
1471 4704 1544 4796 pet
1572 4679 1686 4794 Ptop.
1715 4699 1889 4761 xxvrt.
1918 4673 2003 4757 Lib.

1921 4785 2011 4896 b)
