4322 5686
721 603 839 690 ομν-
960 575 1490 700 lafrancum
1544 581 1852 666 rnrsrcae

725 755 818 817 vau
837 730 856 839 )
875 729 1067 816 haerens
1095 732 1119 813 i
1138 731 1195 813 D.
1213 717 1361 808 Halano
1380 725 1521 811 fadum
1543 721 1619 812 else
1639 727 1780 819 audio;
1818 729 1860 810 da
1877 727 2028 812 Conse.⁸

584 884 600 917 ο
723 869 853 932 tarum
877 839 1078 928 numerum
1113 869 1194 927 non
1223 839 1299 928 elle
1332 843 1543 925 enormiter
1568 869 1753 954 magnum
1780 869 1862 925 non
1888 838 2023 925 desunt

629 1059 632 1067 ¹
726 959 899 1044 rationes
927 983 971 1042 ut
995 957 1181 1043 credam:
1231 956 1313 1042 Sed
1346 953 1600 1069 quorundam·
1630 957 1819 1040 Periodos
1846 975 1929 1040 tanr
1950 983 2025 1038 ma·

726 1101 823 1188 gnas
854 1069 930 1157 else
963 1067 1050 1155 satis
1081 1073 1135 1156 est
1160 1071 1363 1155 verisimile
1395 1099 1442 1155 ex
1479 1065 1666 1156 immenso
1698 1070 1910 1154 intervallo
1958 1072 2027 1152 Sa·

727 1209 884 1272 turnum
916 1187 1018 1270 inter
1048 1179 1319 1300 proximasque
1351 1183 1462 1269 Fixas
1488 1242 1504 1283 ,
1531 1208 1576 1269 ut
1599 1185 1639 1266 in
1661 1186 1862 1295 regionem
1887 1184 2024 1267 Plane.

726 1321 882 1399 tarum,
910 1299 977 1384 ubi
1004 1325 1152 1384 tanturn
1187 1299 1303 1382 nobis
1333 1293 1420 1384 sunt
1448 1292 1677 1410 conspicui,
1702 1325 1784 1382 non
1813 1294 2024 1382 descende·

727 1418 838 1514 rint,
864 1443 914 1500 ex
947 1442 1030 1526 quo
1060 1413 1287 1498 Astrononri
1327 1435 1530 1524 creperum
1561 1413 1755 1497 Cometes
1790 1439 1863 1526 pro
1889 1414 2026 1496 Coele·

727 1530 852 1614 ilibus
873 1528 1040 1626 babere,
1069 1528 1307 1642 illorumque
1324 1528 1430 1612 loca
1447 1528 1660 1612 accuratius
1676 1521 1884 1612 observare
1901 1557 1913 1615 r
1941 1525 2029 1609 idea

727 1671 835 1754 oque
878 1642 1142 1740 Orbitarurn,
1183 1643 1393 1756 inquibus
1422 1641 1481 1726 isli
1519 1665 1758 1738 moventur,
1793 1641 2029 1724 determina·

724 1755 1260 1957 {lrssssul‘slsffls
1281 1757 1356 1954 ‘il
1376 1753 2027 1956 pislrsrlrrlsssffsszlssr

729 2012 819 2070 men
856 1898 1103 2075 nuronoiuis
1129 1981 1183 2069 sui
1198 1897 1362 2098 'cobibrn
1387 1981 1546 2083 facere,
1580 2009 1741 2096 propter
1763 1926 1866 2068 Solis
1890 1980 2028 2066 vicini.

727 2123 793 2192 am
813 2129 827 2189 r
851 2098 963 2212 quod
985 2098 1052 2296 ipit
1084 2101 1281 2184 Mercurio
1300 2127 1390 2201 ‚ex
1418 2096 1557 2184 eadem
1579 2088 1693 2183 causa
1706 2156 1721 2197 ,
1760 2099 1878 2182 eriam
1904 2123 2028 2209 quanq

722 2213 863 2325 ,doque
904 2213 1057 2298 acciit.
1117 2215 1312 2300 Ceterum
1339 2211 1563 2298 Orbitantm
1596 2211 1899 2308 Cometicauuu⁴
1919 2214 2028 2296 Axes

684 2339 688 2346 '
724 2353 894 2430 majores
925 2385 939 2427 ,
992 2349 1153 2440 propter
1184 2326 1520 2441 perturbationem
1547 2353 1596 2412 ex
1627 2327 1861 2413 attractione
1888 2326 1954 2409 vel
1975 2324 2028 2408 ab

727 2442 813 2527 eliis
838 2442 1028 2528 rContrtis
1060 2437 1175 2527 rell
1214 2444 1316 2554 Joae
1338 2467 1406 2529 aur
1428 2444 1656 2543 Saturno,
1698 2464 1886 2554 poterunt
1913 2437 2027 2524 suurn

725 2550 834 2642 suurn
869 2558 1070 2668 paululum
1097 2579 1279 2657 mutare,
1312 2555 1496 2670 adeoque
1519 2554 1625 2640 idern
1654 2555 1825 2641 Cometa
1865 2581 1940 2666 pro
1970 2551 2029 2636 di·

725 2665 842 2755 versu
872 2669 1039 2756 haberis
1067 2673 1212 2756 Verum
1241 2669 1345 2756 istud
1370 2671 1457 2784 post
1483 2671 1613 2784 plures
1635 2670 1903 2755 revolutiones
1937 2663 2027 2753 satis
2067 2695 2071 2700 ·

723 2781 896 2896 parebis
920 2811 1054 2899 neque
1081 2786 1190 2869 eninr
1218 2784 1459 2898 perturbatio
1499 2785 1567 2872 ista
1599 2785 1777 2899 ingentes
1810 2779 2026 2868 admodum

725 2894 819 2982 edet
851 2895 1054 2997 effecius,
1096 2903 1136 2982 dt
1169 2900 1318 2986 Orbita
1348 2900 1512 3000 Lunae,
1556 2897 1683 2984 indies
1721 2897 1813 2986 licet
1844 2920 2028 2998 mutan,

724 3007 1003 3098 Albonoruico
1033 3011 1187 3098 calculo
1206 3008 1404 3121 subjicitur
1424 3017 1464 3096 δι
1489 3040 1564 3126 pro
1583 3011 1722 3100 eadem
1736 3005 1967 3124 agnoscitur.

784 3126 962 3224 Verum,
987 3127 1079 3213 licet
1101 3127 1279 3212 nondum
1308 3125 1572 3216 determinatae
1588 3124 1662 3210 lint
1679 3129 1940 3212 Cornetum
1954 3129 2027 3210 Or.

725 3237 845 3338 bitae,
883 3238 1058 3352 quadam
1093 3241 1261 3326 construi
1296 3267 1484 3353 poterunt
1517 3239 1675 3326 Tabula
1706 3241 1869 3325 illorum
1906 3239 2027 3324 Moti·

723 3351 798 3439 bus
828 3351 977 3460 facilius
1005 3350 1267 3454 definiendis,
1292 3361 1335 3438 διΥ
1367 3357 1607 3461 Traiedtoriis
1641 3356 1859 3466 promptius
1892 3350 2029 3437 deseri.
2147 3377 2148 3418 l

722 3465 863 3549 bendis
888 3526 902 3565 ,
928 3470 1101 3582 apprime
1129 3470 1267 3553 utiles:
1304 3498 1363 3551 ex.
1378 3497 1439 3578 gr.
1455 3470 1608 3555 Tabula
1624 3466 1734 3582 qud,
1762 3497 1811 3552 ex
1838 3468 1930 3550 deta
1956 3473 2026 3552 Pc-

724 3576 847 3664 rihelii
896 3583 1079 3668 Cometa
1119 3581 1363 3688 Distanriad
1407 3584 1503 3669 Sole
1541 3583 1582 3668 in
1621 3584 1793 3696 partibus
1821 3580 2029 3667 mediocris

721 3693 923 3778 Distantiae
937 3696 1105 3780 Telluris
1130 3696 1152 3779 i
1182 3699 1276 3782 Sole
1302 3725 1466 3784 numero
1493 3697 1667 3783 rotundo
1684 3693 1875 3810 expresse,
1896 3723 2029 3805 prom·

719 3832 790 4005 pte
808 3808 1011 3893 definiatur
1022 3817 1191 3920 Tempus
1210 3839 1292 3925 quo
1315 3812 1513 3909 Cometa,
1540 3811 1626 3924 post
1647 3807 1846 3924 appulsum
1863 3809 1918 3893 ad
1930 3812 2026 3898 Peri·

750 3923 901 4023 elium,
926 3954 975 4010 ex
992 3925 1130 4009 Oculis
1145 3926 1282 4012 nostris
1309 3921 1385 4034 sese
1399 3921 1749 4010 subducetrrecessu
1773 3920 1842 4011 uo
1868 3920 1893 4008 ὲ
1920 3927 2024 4011 Sole.

720 4035 853 4122 Posito
898 4038 1004 4122 enirn
1045 4041 1223 4126 Semiaxe
1276 4042 1421 4143 majore
1465 4039 1615 4123 Orbita
1658 4040 1820 4124 Telluris
1860 4043 2024 4151 partiunt

727 4170 1000 4250 100000000,
1012 4155 1089 4246 erit
1116 4155 1191 4262 (ex
1210 4155 1342 4238 circuli
1358 4153 1619 4257 dimensione)
1642 4179 1752 4237 arcus
1775 4149 1883 4260 59'-;-
1902 4159 2024 4266 (qua-

621 4306 627 4315 ·
717 4261 800 4344 lem
825 4267 955 4350 Tellus
998 4293 1109 4349 motu
1145 4269 1287 4352 diurno
1316 4267 1504 4355 mediocri
1534 4263 1758 4371 describit)
1811 4271 2022 4352 earundem

720 4378 889 4486 partium
939 4396 1132 4486 1720212
1174 4439 1191 4482 ,
1250 4380 1436 4496 hujusque
1482 4409 1569 4496 pars
1619 4379 1801 4494 vigestma
1857 4407 2023 4496 quarta,

721 4486 800 4574 five
840 4517 951 4574 arcus
995 4490 1163 4579 iTerra
1203 4521 1315 4581 motu
1351 4495 1509 4582 horario
1546 4495 1735 4585 mediocri
1776 4493 2025 4610 descriptus,

719 4605 886 4720 partium
924 4617 1068 4722 7167
1082 4629 1109 4717 ς.
1147 4641 1158 4693 t
1212 4609 1385 4700 Diversts
1435 4610 1553 4725 igitur
1611 4609 1810 4714 Distantiis
1850 4609 2025 4700 Peribelii

1850 4727 2027 4816 Comere
