4376 5694
249 617 303 702 Ὀ·
339 541 734 700 cubaturum
768 620 1111 700 ELEMENTA.
1148 619 1236 701 er.
1262 619 1325 704 17.
1428 616 1498 724 587

170 779 201 842 τ
229 789 256 844 o
295 787 405 872 aquae
445 759 705 855 Altitudinem
741 761 780 845 in
831 752 1244 877 respedivis‘³'pundlis
1285 789 1342 860 e,
1382 795 1429 864 r,
1471 791 1498 849 o

174 877 216 956 dc
242 903 268 956 o
314 872 568 984 defignabunt
591 869 612 963 ς’
645 873 847 988 ductoque
891 901 963 960 1²0
1017 880 1163 962 circulo
1216 877 1266 961 ad
1307 881 1490 964 circulum

120 1029 125 1038 ·
175 1013 206 1070 u
225 1015 256 1070 u
283 988 498 1098 parallelo,
542 987 615 1073 erit
644 993 747 1074 reda
782 1018 810 1073 r
830 1015 859 1073 o
886 991 1042 1103 aequalis
1081 988 1292 1076 Altitudini
1327 1020 1490 1106 aquaem

39 1209 46 1218 ,
168 1105 327 1214 Ῥϋῠᾶῐδ
366 1124 421 1197 0,
449 1127 501 1198 v,
532 1129 574 1199 s,
613 1108 706 1186 u&
743 1131 788 1203 Ρ,
823 1105 892 1188 ubi
931 1103 1053 1188 didus
1091 1107 1254 1189 circulus
1293 1131 1365 1189 to
1403 1134 1492 1192 cum

175 1221 390 1327 AEquatore
422 1216 685 1326 &parallelis
717 1215 936 1330 respectivis
970 1219 1176 1303 concurrit.
1237 1215 1352 1304 Hisce
1393 1220 1494 1331 poss*

176 1331 256 1427 tis,
281 1325 587 1414 consideremus
627 1333 777 1415 Locum
817 1356 929 1416 motu
967 1332 1110 1418 diurno
1145 1333 1374 1445 parallelum
1410 1359 1492 1417 co

175 1439 483 1526 describentem:
519 1469 649 1554 patet,
679 1448 923 1553 cum,Locus
953 1446 1016 1532 hic
1057 1448 1096 1530 in
1132 1473 1159 1530 u
1192 1441 1389 1545 versatur,
1423 1445 1495 1533 Al·

179 1557 386 1640 titudinem
419 1558 539 1640 Maris
566 1584 634 1640 rt>
670 1555 746 1642 esse
764 1563 994 1658 maximam,
1028 1562 1106 1643 hoc
1129 1563 1182 1644 est
1197 1619 1210 1658 ,
1239 1564 1382 1642 AEllum
1416 1557 1491 1645 elle

181 1697 270 1754 cum
301 1675 412 1754 Luna
451 1697 476 1751 t
509 1672 769 1760 Meridianum
802 1698 912 1759 tenet
939 1706 951 1763 3
995 1675 1126 1786 postea
1163 1699 1260 1756 vero
1298 1671 1491 1756 Altitudi·

1502 850 1555 910 Taeb
1578 848 1706 928 milk

1531 934 1584 1009 sig.
1604 950 1634 1006 4.

179 1793 270 1869 nem
303 1811 413 1895 aquae
451 1782 506 1867 ibi
539 1781 615 1868 effe
650 1789 878 1884 minimam,
916 1816 1004 1872 cum
1047 1786 1170 1870 dium
1197 1786 1326 1868 Locus
1367 1787 1496 1870 revol·
1553 1828 1556 1832 ·
1626 1759 1634 1776 ’

147 1898 314 2007 ,vendo
344 1897 395 1982 ad
427 1903 611 2008 pundlum
644 1925 671 1984 x
699 1903 905 2013 pervenit,
946 1902 1003 1984 uti
1038 1901 1143 2011 prius
1176 1901 1230 1981 est
1274 1894 1497 1991 ostensumr

181 2005 378 2123 rursusque
414 2013 563 2096 Pdstum
599 2013 675 2099 elle
716 2043 805 2098 cum
852 2019 978 2098 Locus
1024 2013 1137 2126 ade
1184 2012 1358 2124 appellit.
1417 2011 1496 2097 Sed

182 2128 274 2238 quia
300 2151 377 2208 ru
423 2129 546 2228 major
585 2130 642 2212 est
708 2155 796 2212 uam
831 2153 901 2209 tc
935 2135 1121 2240 (nempe
1163 2125 1384 2236 longissimae
1414 2149 1497 2222 rut

185 2235 390 2352 propior)
435 2244 509 2324 erit
542 2242 583 2322 in
627 2159 714 2340 cast
753 2237 956 2352 praesenti,
986 2269 1084 2323 cum
1120 2239 1228 2322 Luna
1266 2239 1316 2321 ad
1355 2242 1496 2322 Polum

183 2352 382 2437 elevatum
423 2351 618 2452 declinat,
662 2356 847 2439 Altitudo
898 2355 1017 2440 Maris
1048 2357 1170 2459 major
1196 2355 1417 2437 cumbum
1441 2353 1496 2437 est

182 2469 224 2548 in
257 2464 479 2551 Meridiano
507 2464 620 2579 supra
658 2469 917 2562 Horizontem
956 2495 1074 2584 quam
1109 2495 1197 2552 cum
1234 2470 1343 2551 Luna
1378 2465 1497 2550 Meri·

183 2579 341 2664 dianum
388 2577 488 2664 infra
507 2619 509 2624 ·
527 2580 698 2665 eundem
737 2605 858 2668 tenet.
915 2581 1097 2665 Similiter
1139 2605 1221 2663 ro
1272 2581 1399 2664 minor
1441 2578 1496 2661 est

183 2721 302 2806 quam
329 2719 428 2790 rr,
490 2696 608 2807 uippe
639 2697 804 2780 minima
840 2726 869 2780 t·
896 2723 928 2778 u
967 2723 1038 2809 pro
1068 2695 1159 2784 i0r3
1223 2693 1300 2775 hoc
1329 2694 1413 2790 est,
1452 2693 1496 2776 in

174 2812 297 2895 ‚Loco
330 2725 558 2920 paralldlum
604 2836 674 2892 ro
713 2836 824 2895 motu
858 2811 998 2893 diurno
1033 2725 1272 2892 describente
1312 2803 1496 2892 Altitudo

140 2949 295 3034 ,aquae
332 2925 529 3020 maxima,
568 2923 802 3035 contingens
841 2924 932 3008 dum
969 2925 1082 3006 Luna
1106 2916 1235 3002 versus
1272 2921 1409 3005 Polum
1431 2918 1498 3003 de·

185 3029 349 3150 pressum
383 3060 407 3117 a
440 3035 641 3122 declinans
691 3038 952 3123 Meridianum
990 3030 1098 3146 supra
1143 3035 1399 3120 llorizontem
1440 3058 1498 3116 te-

186 3174 286 3250 net,
326 3147 455 3234 minor
497 3151 552 3232 est
590 3178 709 3262 quam
752 3155 832 3258 ejus
879 3149 1063 3236 Altitudo
1097 3148 1294 3247 maxima,
1330 3175 1415 3259 quoe
1453 3146 1499 3230 sit

186 3264 282 3352 dum
326 3263 440 3356 Luna
489 3261 541 3348 ad
571 3266 779 3350 Meridiani
824 3266 989 3375 alteram⁸
1022 3263 1271 3346 medietatem
1300 3262 1496 3374 pertingit.

244 3381 398 3476 Porro,
433 3375 563 3460 ustus
590 3379 759 3491 praedieli
793 3379 951 3462 alternis
977 3375 1128 3459 vicibus
1160 3375 1314 3480 majoris
1349 3380 1389 3457 δι
1428 3373 1499 3454 mi·

187 3490 335 3598 noris(
366 3491 407 3574 in
436 3493 548 3575 Loco
573 3493 717 3603 quovis
750 3515 858 3574 extra
890 3495 1143 3600 AEquatorem
1183 3487 1338 3600 postto,
1380 3505 1499 3601 prout

189 3611 299 3696 Luna
327 3604 379 3691 ad
409 3603 619 3688 Meridiani
653 3632 802 3717 partem
838 3598 1081 3716 conspicuam
1114 3626 1181 3686 aut
1211 3604 1398 3686 latentem
1432 3625 1499 3710 ap-

191 3719 346 3836 pellit)
381 3715 600 3802 differentia
633 3722 762 3825 major
798 3717 899 3813 erit,
938 3717 964 3800 fi
1003 3744 1089 3798 cum
1121 3715 1238 3799 causas
1271 3711 1499 3829 quibusdam

133 3869 142 3880 ’
192 3863 296 3951 prtus
331 3835 534 3946 explicatis
570 3829 812 3944 similemque
851 3824 1028 3916 effectum
1061 3824 1306 3914 sortientibus
1340 3829 1501 3930 conjun·
1534 3933 1538 3944 x

191 3975 359 4065 gantur,
383 3977 442 4030 ex.
464 3976 526 4055 gr.
564 3947 821 4032 Solstitiorum
846 3970 1051 4056 tempores
1088 3969 1179 4026 tunc
1218 3944 1321 4026 enim
1350 3941 1389 4023 in
1430 3945 1500 4050 sy-

193 4066 317 4176 zygiis
358 4087 567 4172 utrumque
607 4061 812 4144 Luminare
843 4058 895 4141 ab
932 4061 1149 4168 AEquatore
1187 4058 1353 4140 maxime
1383 4051 1504 4158 decli,

197 4203 298 4275 nat,
332 4175 354 4260 a
406 4202 456 4259 ua
493 4173 770 4260 Declinatione
812 4172 983 4254 AEsluum
1026 4171 1324 4254 alternationem
1361 4165 1504 4280 pende·

195 4319 238 4377 re
272 4205 461 4375 ostensum
490 4291 555 4373 est.
616 4294 672 4374 At
702 4315 750 4372 ue
773 4283 928 4370 effectus
957 4282 1084 4366 adhuc
1107 4285 1339 4396 augebitur,
1374 4281 1399 4362 ri
1431 4285 1506 4362 Or·

197 4407 288 4490 bitae
302 4403 459 4488 Lunaris
481 4403 627 4492 Nodus
652 4412 655 4422 ⁴
693 4399 863 4485 cendens
887 4399 1173 4511 AEquinodlium
1188 4425 1361 4490 ,vernum
1387 4395 1507 4476 etiarn

198 4543 396 4632 occupata
431 4543 524 4602 tuuc
559 4521 663 4601 enim
699 4519 807 4598 Lutra
832 4512 915 4596 Soli
956 4515 1189 4614 conjuncta,
1236 4514 1335 4596 ultra
1377 4506 1509 4591 Decli-

200 4634 405 4720 nationem
424 4631 527 4720 Solis
541 4629 807 4724 Declltrationi
834 4627 1007 4716 maxime
1024 4623 1246 4740 ¹aequalem,
1280 4617 1510 4749 Latitudinis

1391 4757 1510 4820 maxt-
