4420 5692
270 573 317 654 u
356 563 751 652 oaonrrrrts
787 554 1126 645 euentura
1161 557 1254 642 an:
1287 564 1358 642 rr.
1426 565 1499 662 487

196 711 248 796 u't
276 736 466 827 appatens
496 709 683 795 diameter
716 709 834 794 Lune
863 713 902 793 in
931 735 955 794 L
980 709 1032 795 ad
1062 700 1234 816 ejusdem
1269 705 1501 792 diametrum
1519 679 1695 837 'wa

198 851 450 940 apparentem
478 825 573 909 dum
600 827 654 910 est
682 825 723 906 in
756 813 799 911 l's
831 823 910 908 hoc
939 826 1018 922 est,
1049 823 1089 904 in
1109 824 1268 921 'ratione
1290 821 1411 912 datas
1435 821 1501 902 da·

200 961 265 1023 tur
287 967 381 1052 ergo
412 935 491 1053 ipsa
517 963 548 1023 o
574 940 619 1018 l:
644 935 724 1021 Sed
752 964 823 1048 per
856 937 1115 1025 Altitudinem
1145 953 1395 1049 apparentem
1429 934 1503 1017 Lu·

198 1079 261 1137 nae
291 1056 330 1136 in
359 1055 378 1132 l
405 1053 519 1138 datur
547 1053 711 1164 angulus
733 1056 804 1134 lo
831 1082 859 1136 τ
887 1085 898 1143 3
931 1055 969 1136 in
1003 1052 1196 1162 triangulo
1227 1051 1343 1162 igitur
1374 1049 1501 1131 lor

199 1165 302 1250 datis
335 1165 519 1251 lateribus
550 1168 646 1263 ol,
691 1189 720 1248 o
749 1189 776 1244 τ
807 1192 895 1252 cum
927 1167 1171 1279 anguloso
1200 1193 1252 1263 r,
1283 1164 1503 1248 invenietur

200 1281 274 1361 nl
305 1281 493 1364 Distantia
520 1281 634 1363 Lunae
662 1276 835 1361 dTertae
869 1305 1019 1364 centro.
1047 1284 1108 1390 Q
1127 1283 1173 1362 E.
1200 1283 1242 1360 F.

257 1395 357 1477 Non
391 1397 445 1478 est
474 1420 574 1506 opus
604 1412 649 1475 ut
685 1389 860 1476 diametri
895 1419 1124 1506 apparentes
1151 1394 1191 1475 in
1224 1394 1356 1477 circuli
1388 1389 1504 1504 parti·

198 1507 273 1593 bus
305 1503 457 1620 praecise
497 1505 797 1618 exprimanturr
836 1503 970 1598 sufficit
1000 1505 1028 1590 sr
1058 1507 1192 1591 harum
1226 1510 1326 1590 tatio
1361 1507 1412 1589 ad
1446 1504 1504 1587 in·

82 1673 92 1683 -
198 1621 327 1706 vicem
361 1616 634 1706 observatione
671 1615 889 1706 innotescat
927 1655 939 1702 ε
984 1623 1091 1705 Nam
1123 1645 1234 1706 arcus
1265 1620 1306 1704 hi
1337 1639 1405 1703 aut
1437 1643 1503 1700 an·

196 1736 278 1849 guli
308 1761 390 1818 non
420 1757 692 1848 comparantur
728 1761 818 1817 cum
851 1736 936 1820 aliis
967 1736 1118 1848 angulis
1140 1759 1209 1820 aut
1235 1735 1402 1818 artubus
1434 1755 1504 1843 pet

198 1847 334 1933 circuli
360 1871 487 1960 partes
520 1846 696 1960 expressis
704 1903 718 1943 ,
744 1843 809 1930 sed
833 1875 983 1934 tanturn
1009 1845 1204 1939 inter.se;
1230 1848 1371 1932 horum
1400 1847 1504 1930 enirn

197 1963 302 2046 tatio
332 1957 482 2045 inversa
505 1963 559 2046 est
583 1962 682 2045 tatio
716 1962 991 2048 Distantiarum
1024 1964 1143 2047 Lunae
1176 1964 1228 2048 ab
1259 1962 1378 2045 oculo
1408 1983 1505 2045 tem-

197 2075 361 2188 poribus
388 2070 722 2160 obsetvationum.
782 2079 882 2161 Satis
914 2078 1030 2189 igitur
1063 2080 1118 2162 est
1146 2077 1270 2161 stillae
1295 2076 1505 2158 Microme-

191 2212 259 2272 tro
289 2183 520 2302 Telescopio
552 2208 688 2303 aptato
721 2185 1003 2291 observentur,
1030 2197 1071 2274 &
1092 2193 1247 2276 filorum
1279 2187 1509 2286 Distantiae,

194 2302 433 2504 {aquales
463 2326 592 2415 partes
622 2297 750 2387 divise
786 2308 828 2388 dt
857 2331 929 2416 per
949 2303 1102 2391 illarum
1134 2322 1337 2392 numerum
1362 2295 1510 2415 expres

251 2471 266 2513 ,
302 2437 504 2500 notentur.

429 2607 974 2700 paonosrrto
1046 2541 1287 2728 axau.

201 2792 317 2880 Lm
345 2791 612 2908 inaequalitates
635 2797 682 2891 ἀ
706 2798 860 2882 Errores
876 2823 946 2912 per
969 2797 1256 2908 observationem
1286 2795 1507 2880 determina.

256 2939 296 2992 re
322 2905 368 3000 ά
401 2909 556 3018 inrerst
583 2911 815 3025 dysingacre.

201 3117 398 3326 LUnae
446 3115 535 3204 loca
572 3123 799 3236 apparentia
832 3121 1138 3209 determinantur
1175 3151 1255 3240 ope
1294 3117 1538 3204 vicinantm·

299 3231 499 3330 Fixatum,
525 3261 687 3345 quarum
718 3235 807 3321 loca
834 3239 938 3351 ptius
971 3245 1104 3323 exadie
1132 3265 1202 3352 per
1232 3242 1349 3347 Prop.
1380 3258 1507 3317 xxrx.

203 3340 291 3427 Lib.
327 3371 383 3426 11.
421 3349 596 3457 cognita
617 3351 809 3434 habentur
835 3383 847 3442 ς
887 3356 928 3434 δι
961 3353 1051 3436 loca
1079 3379 1174 3436 vera
1202 3379 1250 3436 ex
1291 3349 1509 3460 apparenti·

203 3457 279 3541 bus
310 3486 379 3570 per
408 3463 523 3570 Prop.
557 3483 746 3544 varrr.
779 3459 975 3569 ejusdem:
1000 3467 1191 3552 Distantia
1217 3489 1348 3549 autern
1370 3461 1394 3548 i
1414 3469 1508 3548 Ter·
1649 3553 1656 3556 .

204 3591 254 3655 rae
289 3593 425 3658 centro
457 3595 635 3684 ternpore
669 3577 814 3690 quovis
858 3606 926 3689 per
964 3582 1245 3692 praecedentem
1287 3579 1340 3664 est
1383 3601 1505 3663 nota:

202 3686 351 3770 Omnia
377 3713 481 3800 ergo.
504 3715 586 3800 qua
618 3689 732 3772 Lunae
755 3693 912 3772 Motum
941 3693 1130 3790 attinent,
1163 3719 1259 3777 nota
1291 3689 1389 3775 sunt.

206 3823 209 3834 ·
263 3801 546 3912 Inaequalitates
577 3803 618 3883 in
657 3805 774 3887 Motu
805 3804 946 3886 Lunari
982 3808 1099 3916 Prop.
1135 3829 1243 3887 xxr.
1282 3799 1541 3902 recenfitae,.

207 3939 298 3997 cum
330 3915 407 4020 iam
434 3939 571 3996 notum
603 3913 648 4003 fit
675 3921 714 3998 δι
748 3917 883 4030 quales
905 3917 979 3999 srnt
1013 3913 1222 4031 qualesque
1246 3921 1447 4030 expediere
1466 3919 1511 4002 li·

205 4051 303 4124 eet,
348 4055 396 4110 ex
431 4027 603 4136 pluribus
641 4027 857 4135 hujusmodi
894 4025 1245 4116 Observationibus
1262 4090 1276 4131 ,
1319 4033 1509 4118 continuo

209 4144 256 4221 dt
286 4167 355 4252 per
386 4140 514 4252 plures
542 4163 669 4226 annos
707 4143 845 4240 factis,
885 4145 987 4230 inter
1023 4139 1060 4230 se
1091 4144 1245 4230 collatis
1281 4137 1509 4258 patescent,

208 4253 423 4364 harumque
454 4257 690 4366 quantitates
724 4255 1083 4343 determinabuntur
1115 4292 1125 4341 ι
1159 4289 1217 4342 ex.
1235 4289 1296 4370 gr.
1321 4258 1398 4343 hoc
1426 4289 1510 4346 mo·

206 4365 266 4451 do
291 4366 631 4469 determinabitur,
663 4397 756 4455 num
787 4371 969 4479 (caeteris
993 4372 1181 4484 paribus)
1201 4377 1310 4459 Luna
1334 4375 1511 4462 velocius

209 4504 416 4564 moveatur
448 4483 488 4564 in
526 4485 702 4599 syzygiis
737 4513 826 4572 cum
865 4485 960 4571 Sole
983 4515 1102 4601 quam
1144 4489 1183 4570 in
1214 4487 1510 4596 Quadraturrst

199 4617 298 4684 num
330 4594 537 4710 longiusi
572 4603 691 4689 Terra
722 4601 837 4692 distet
861 4600 1075 4802 hichuam
1112 4603 1233 4695 illics
1271 4629 1365 4690 num
1395 4606 1511 4687 Luna

994 4732 1019 4806 2
1372 4719 1510 4806 Motus
