4420 5692
703 641 803 720 ·47o
855 609 890 634 ⁸
928 609 1868 694 ·A=sTx0ul·o·n11AE·t³m51tt

411 725 419 734 ’
548 737 733 798 murtrum.

546 853 549 860 Α
574 823 640 932 fia
665 833 691 890 n

746 757 843 838 citet
881 751 938 838 illi
971 781 1089 864 quent
1130 749 1360 858 continebat
1401 747 1583 835 Satellitis
1622 749 1762 835 Orbita
1796 773 1884 834 cum
1919 742 2049 830 s't'b

747 871 895 992 plano,
937 897 1025 951 cum
1053 865 1213 950 Satelles
1247 864 1425 976 proxime
1454 865 1495 944 in
1522 863 1649 947 Nodo
1685 858 1911 947 aversaretur.
1935 927 1945 992 g
1971 860 2046 970 lgi-

747 1010 831 1078 tur,
877 981 943 1065 ubi
964 981 1078 1064 Nodi
1105 974 1191 1061 lunt
1229 977 1269 1058 in
1296 975 1572 1088 Qndtatutis,
1614 977 1820 1060 Inclinatio
1843 979 1946 1088 plant
1969 978 2043 1056 Or·

734 1095 805 1176 bis
838 1095 1020 1178 Satellitis
1053 1094 1234 1176 minuitur
1260 1091 1300 1172 in
1338 1089 1493 1174 transitu
1525 1091 1708 1172 satellitis
1739 1088 1762 1173 ὲ
1792 1086 2050 1198 Qadtatutis

746 1207 796 1290 ad
821 1211 1035 1319 syzygias,
1076 1212 1116 1290 dt
1153 1202 1311 1286 vicium
1341 1228 1502 1314 augetur
1528 1207 1568 1285 in
1608 1203 1791 1286 Satellitis
1833 1199 1989 1283 transitu
2022 1195 2044 1280 i

734 1323 921 1431 Syzygiis
949 1321 1000 1402 ad
1040 1316 1303 1427 Qradtaturas
1329 1347 1345 1406 r
1374 1318 1554 1428 teditque
1574 1315 1626 1400 ad
1656 1319 1824 1426 priorem
1859 1314 2045 1422 magnitu-

732 1433 877 1515 dinem
903 1435 1051 1518 circiter
1076 1431 1144 1514 ubi
1168 1429 1330 1514 Satelles
1355 1430 1405 1512 ad
1432 1430 1599 1512 Nodum
1633 1431 1852 1540 proximum
1880 1425 2047 1508 accedit.

804 1547 910 1628 Cum
942 1547 1055 1656 igitur
1096 1539 1284 1634 ollenlunt
1316 1540 1362 1624 stt
1392 1541 1503 1653 quod
1539 1545 1608 1628 Vis
1646 1568 1690 1625 ut
1729 1569 1760 1625 n
1790 1573 1817 1625 u
1861 1537 2043 1622 Satellitis

738 1683 899 1746 motum
924 1661 962 1741 in
996 1655 1256 1740 Latitudinem
1281 1657 1535 1768 perturbans,
1577 1651 1845 1767 &speciatim
1881 1654 2042 1734 inclina·

746 1776 895 1856 tionem
934 1770 1040 1882 plani
1074 1769 1191 1853 Orbis
1220 1769 1402 1852 Satellitis
1433 1769 1483 1852 ad
1523 1769 1678 1881 planum
1711 1769 1828 1851 Orbis
1873 1762 2046 1848 Priman'l

614 1943 620 1954 -
737 1886 944 1981 minuens,
986 1883 1151 1964 maxima
1174 1885 1226 1964 est
1248 1909 1335 1964 cum
1358 1884 1520 1964 Satelles
1545 1885 1598 1964 est
1624 1883 1664 1963 in
1689 1883 1885 1994 Syzygiis,
1911 1884 1950 1963 dt
1973 1878 2040 1958 mi·

745 2000 847 2081 nima
883 1997 1013 2108 (quia
1034 1995 1177 2104 nulla)
1208 1996 1383 2078 rumille
1416 1997 1470 2080 est
1494 1996 1534 2082 in
1554 1994 1829 2104 Qadratutis,
1860 2016 1901 2075 at
1925 1991 2042 2075 maxi.-

746 2139 809 2192 me
837 2130 1020 2223 potenter
1054 2109 1104 2190 ad
1130 2109 1234 2190 hunc
1258 2107 1437 2192 efledlum
1466 2109 1761 2218 producendum
1789 2107 1870 2218 agit
1898 2103 2043 2212 (crater

738 2228 794 2306 tis
825 2224 979 2334 paribus
1011 2228 1029 2326 )
1070 2249 1156 2303 cum
1182 2222 1344 2306 Satelles
1374 2223 1427 2306 est
1455 2223 1496 2304 in
1517 2221 1670 2306 ¹Limite
1702 2253 1713 2311 ς
1743 2243 1851 2332 patet
1875 2247 1957 2330 quo
1982 2217 2043 2300 Li·

741 2338 855 2420 mites
887 2333 972 2418 lunt
1005 2335 1206 2445 propiores
1235 2333 1489 2446 Qadtaturis
1526 2362 1613 2418 curn
1641 2337 1801 2418 Satelles
1828 2334 1881 2416 est
1908 2332 1948 2413 in
1971 2332 2039 2440 Sy,

741 2450 885 2561 zygiis,
911 2476 962 2530 eo
990 2448 1079 2532 Vim
1115 2447 1214 2530 hanc
1238 2473 1280 2530 ut
1313 2475 1345 2530 n
1371 2471 1401 2530 n
1425 2447 1621 2542 ,dictorum
1655 2449 1862 2560 planorum
1879 2445 2043 2528 Inclina-

741 2565 890 2646 tionem
925 2563 1049 2645 minus
1090 2562 1296 2659 minuere,
1339 2562 1432 2672 quia
1463 2563 1543 2664 ejus
1574 2561 1803 2672 magnitudo
1843 2560 1950 2642 nulla
1988 2559 2045 2641 est.

740 2703 829 2758 eum
862 2675 1023 2762 Satelles
1056 2676 1109 2756 est
1143 2676 1181 2756 in
1220 2673 1289 2758 srtu
1325 2675 1505 2759 adhunc
1542 2672 1721 2758 effedlum
1746 2669 2038 2785 producendum

740 2788 907 2868 maxime
935 2786 1174 2880 commodo,
1207 2791 1247 2869 δι
1276 2787 1441 2869 maxima
1476 2815 1562 2868 curn
1594 2815 1755 2900 propter
1779 2785 1962 2870 Satellitis
1997 2784 2039 2868 fi·-

740 2923 821 2982 tum
845 2899 907 2980 hic
935 2895 1091 2982 effeetus
1121 2898 1247 2982 cedat.
1291 2902 1341 2980 Et
1364 2927 1413 2982 cx
1446 2897 1565 2983 altera
1588 2928 1698 3011 parte
1727 2927 1813 2983 curn
1836 2897 1885 2988 fit
1917 2898 2045 2981 modo·
2117 2934 2121 2940 ·

739 3007 929 3094 ostensum
954 3011 1065 3120 quod
1096 3013 1167 3092 Vis
1198 3035 1241 3096 ut
1273 3038 1303 3094 u
1334 3035 1392 3108 Ν,
1427 3011 1574 3095 Nodos
1601 3017 1640 3096 in
1666 3013 1946 3098 'antecedentia
1975 3013 2041 3094 ci'r·

739 3125 1043 3221 cumduccndo,
1069 3125 1368 3208 Inclinationem
1392 3124 1531 3208 didam
1562 3123 1685 3210 rursus
1712 3153 1849 3239 auget,
1874 3132 1914 3210 δι
1942 3124 2041 3208 hanc

737 3239 909 3319 maxime
931 3263 1112 3350 potenter
1143 3261 1260 3350 auget
1287 3266 1374 3320 cum
1407 3237 1569 3321 Satelles
1594 3241 1648 3321 est
1671 3267 1794 3352 prope
1816 3241 2046 3324 alterutrum.

735 3349 926 3446 Nodum,
961 3351 1179 3435 &interim
1207 3346 1294 3460 ‘ipsa
1320 3352 1391 3433 Vis
1413 3349 1457 3433 stt
1488 3354 1653 3435 maxima
1682 3381 1769 3438 cum
1799 3353 1963 3436 Satelles
1988 3353 2040 3434 est

733 3463 773 3544 in
806 3465 980 3574 syzygiis
1014 3494 1035 3552 ;.,
1076 3487 1183 3573 patet
1222 3489 1305 3575 quo
1345 3464 1457 3548 Nodi
1497 3460 1593 3548 sunt·
1623 3468 1797 3578 Syzygiis
1830 3492 1918 3546 cum
1947 3467 2038 3549 Sole

733 3578 965 3686 propiores,
992 3603 1043 3658 eo
1078 3577 1166 3658 Vim
1193 3599 1236 3664 ut
1266 3603 1299 3658 u
1334 3601 1364 3660 u
1401 3579 1605 3688 planorum
1636 3580 1935 3662 Inclinationem
1963 3607 2039 3662 nra·

731 3690 789 3798 gis
820 3715 974 3799 augete.
1033 3692 1083 3772 Et
1108 3689 1223 3800 igitur
1245 3715 1332 3775 cum
1364 3693 1523 3778 limites
1552 3693 1623 3774 fint
1650 3692 1757 3776 fimul
1786 3694 2039 3797 Qtadratutis

731 3803 941 3914 propinqui
968 3825 1034 3886 aut
1061 3803 1111 3886 ab
1140 3803 1216 3886 illis
1241 3809 1415 3901 remoti,
1442 3829 1561 3913 atque
1593 3805 1705 3887 Nodi
1736 3807 1937 3918 Syzygiisr
1974 3833 2039 3918 par

605 3935 608 3942 ·
729 3937 787 3996 tet
816 3945 896 4026 quo
924 3915 1037 4004 Nodi
1066 3918 1270 4028 propiores
1306 3915 1395 4001 funt·
1421 3917 1618 4024 Syzygiis,
1658 3947 1708 4002 co
1742 3921 2035 4004 Inclinationem

729 4026 836 4134 plani
858 4028 982 4129 ¹Orbis
1015 4029 1199 4111 Satellitis
1240 4027 1291 4108 ad
1329 4028 1488 4138 planum
1519 4031 1635 4114 Orbis
1666 4036 1836 4117 Primarii
1863 4031 1937 4117 elle
1962 4060 2038 4115 ma·

728 4139 872 4236 joretn,
894 4145 932 4220 δι
953 4165 1036 4250 quo
1067 4138 1271 4250 propiores
1290 4141 1570 4244 Qadtaturis,
1613 4173 1663 4228 eo
1693 4151 1897 4230 minorent.
1921 4147 2039 4229 Cum*

728 4256 844 4358 quc(
867 4279 936 4361 pet
968 4255 1084 4361 Prop.
1114 4259 1265 4362 ptaec.)
1302 4255 1415 4337 Nodi
1458 4256 1498 4354 in
1539 4260 1811 4343 antecedentia
1840 4261 2036 4354 ferantur,

721 4361 763 4442 in
797 4365 1008 4448 Nodotum
1041 4365 1202 4449 tranfitu
1236 4362 1463 4481 aSyzygiis
1496 4371 1546 4452 ad
1570 4375 1835 4471 Quadtarutas
1860 4374 2036 4456 diminui·

730 4501 791 4558 tut
840 4478 920 4558 hac
957 4479 1163 4588 planorum
1202 4480 1445 4581 Inclinatio,
1495 4487 1536 4566 uc
1577 4485 1622 4567 fit
1664 4489 1836 4569 omniurn
1875 4486 2037 4569 minima

726 4591 908 4698 (caretis
935 4590 1138 4700 paribus)
1167 4592 1380 4688 ubi,Nodi
1395 4593 1507 4712 lunt·
1531 4597 1856 4706 ithadraturis
1877 4629 1909 4688 s.
1942 4601 2036 4683 dein·

1078 4737 1192 4800 ‘t'
1471 4778 1521 4794 .,
1897 4714 2033 4798 cttscit
