4322 5686
724 593 798 665 710
881 531 1861 647 ·arraunuurannvs1cc

727 703 855 788 minor
898 695 1102 784 diametro
1138 693 1300 778 Telluris
1350 714 1553 800 apparente
1595 689 1774 778 eodem:
1831 693 1881 772 Et
1921 689 2046 782 Venus

673 893 674 896 a
727 812 810 896 Soli
852 803 1073 919 opposita,
1115 803 1390 911 Mercurioque
1414 797 1593 912 proinde
1635 803 1807 910 proxima
1842 859 1856 897 ,
1902 823 2049 882 tantun-

728 922 817 1005 dem
860 914 939 999 sere
976 914 1086 998 distat
1119 908 1144 996 ὲ
1184 912 1378 995 Mercurio
1411 936 1527 1022 atque
1563 905 1640 1020 ipse
1669 910 1770 1014 Sol,
1817 903 2049 1019 Venerisque

727 1030 827 1115 adeo
865 1027 1066 1108 Parallaxis
1109 1023 1254 1122 (etiam
1291 1047 1378 1106 curn
1414 1021 1625 1102 Mercurius
1661 1022 1701 1101 in
1742 1015 1912 1128 Aphelio
1952 1019 2049 1100 illato

729 1141 811 1224 Soli
839 1132 1092 1244 oppositam,
1134 1135 1176 1212 ’ἃ
1216 1125 1492 1241 consequenter
1526 1127 1594 1212 srbi
1622 1130 1795 1216 omnium
1824 1129 2050 1236 proximam,

729 1245 877 1342 cernit)
913 1242 1099 1326 Parallaxi
1128 1239 1227 1323 Solis
1258 1238 1279 1322 ὲ
1308 1244 1425 1323 Terra
1449 1235 1517 1321 visr
1541 1265 1621 1320 non
1645 1240 1697 1322 est
1713 1238 1846 1341 major.
1918 1239 2051 1347 Atque

727 1359 806 1439 haec
836 1353 924 1435 'duo
958 1349 1212 1476 suntyagna
1239 1348 1380 1434 Mundi
1404 1369 1606 1457 corpora,
1645 1347 1840 1430 Mercurio
1863 1349 2050 1455 proxima,

728 1462 939 1548 Parallaxin
957 1487 1121 1545 maxume
1144 1455 1350 1544 sensibilem
1378 1458 1570 1543 habentia.

785 1681 983 1795 Quoiam
1011 1702 1147 1761 autem
1177 1673 1253 1760 ise
1290 1673 1500 1761 Mercurius
1527 1677 1659 1760 locum
1692 1699 1846 1772 mutat,
1882 1700 1945 1782 per
1967 1671 2055 1752 Ob-

729 1789 962 1875 servationes
998 1788 1037 1868 in
1076 1785 1167 1868 dive
1200 1815 1231 1868 rs
1264 1787 1489 1870 stationibus
1531 1785 1647 1869 saclas
1683 1785 1839 1892 colliget
1871 1783 2055 1864 Mercurii

729 1899 856 1982 incola
889 1899 1076 1979 rationem
1113 1896 1211 1978 inter
1253 1894 1465 1980 distantiam
1507 1896 1687 1978 Mercurii
1715 1892 1738 1976 ὲ
1769 1894 1857 1977 Sole
1887 1895 1929 1973 u
1963 1892 2055 1972 alte·

730 2013 804 2093 rius
839 2001 999 2110 cujusvis
1034 2005 1200 2087 P'anetae
1235 2004 1449 2088 distantiam
1477 2005 1527 2088 ab
1556 2001 1735 2099 eodem,
1783 2000 1890 2084 srmili
1933 1999 2053 2092 modo

730 2144 846 2228 atque
884 2142 956 2195 nos
1000 2115 1203 2198 Tetricobe
1237 2143 1285 2198 ex
1323 2116 1452 2226 magni
1481 2111 1595 2196 Orbis
1615 2111 1820 2195 'Parallaxi
1906 2115 2052 2190 Verum

705 2260 714 2320 j
730 2225 886 2330 quidem
925 2223 978 2304 est
1021 2223 1123 2305 illam
1158 2251 1238 2306 non
1276 2247 1354 2306 tam
1391 2247 1478 2306 tuto
1515 2223 1644 2306 collii
1686 2283 1699 2320 ,
1745 2222 1837 2332 quia
1878 2217 2052 2303 distantia

701 2332 704 2340 ’
730 2332 912 2417 Mercurii
939 2329 962 2413 ai
989 2332 1080 2414 Sole
1108 2354 1186 2414 tam
1213 2359 1352 2444 magna
1379 2360 1457 2414 non
1486 2333 1538 2416 est
1567 2251 1732 2440 respedlu
1756 2329 1934 2412 distantia
1962 2327 2051 2408 alio·

730 2457 814 2526 rum
837 2441 1085 2523 Planetarum
1117 2465 1235 2552 atque
1267 2446 1393 2524 Terroe
1424 2443 1556 2524 nostra
1589 2441 1762 2526 distantia
1796 2435 1966 2520 iSole:
2003 2433 2053 2516 At

731 2549 818 2634 cum
848 2549 891 2631 fit
917 2577 1048 2631 earum
1080 2542 1244 2656 respedu
1282 2549 1405 2633 adhuc
1439 2545 1616 2632 sensibilis
1647 2545 1763 2643 satis,
1802 2547 1983 2630 nimirum
2002 2543 2053 2624 di-

726 2660 870 2764 stantiae
901 2659 1052 2756 Saturni
1079 2657 1103 2740 a
1133 2658 1223 2740 Sole
1257 2685 1340 2767 pars
1370 2660 1517 2744 circiter
1542 2658 1723 2771 vigcsma
1778 2656 1883 2737 uinta
1912 2687 1923 2746 3
1972 2681 2052 2736 om·

728 2770 835 2860 nium
883 2768 1034 2849 istarum
1080 2766 1337 2850 distantiarum
1387 2769 1528 2864 ratio,
1624 2795 1643 2850 r
1682 2684 1980 2853 Observationes
2015 2762 2053 2844 in

730 2877 925 2958 Mercurio
954 2872 1107 2970 factas,
1151 2870 1236 2958 satis
1272 2875 1478 2960 commode
1513 2875 1562 2960 de
1591 2879 1780 2970 nientur,
1824 2870 1947 2957 ruodo
1973 2871 2054 2954 Ob·

730 2979 901 3065 servator
928 2975 1113 3065 domicilii
1148 2978 1201 3065 sui
1228 3011 1377 3067 motum
1416 2987 1514 3068 circa
1540 2987 1670 3072 Solem
1699 2976 1890 3096 agnoscat.
1974 2981 2054 3077 Sin,

730 3088 891 3174 lensrbu's
920 3087 1080 3187 fidens,
1132 3095 1365 3176 Mercurium
1405 3081 1510 3177 suum
1538 3123 1609 3204 pro
1633 3092 1822 3178 immobili
1850 3115 1960 3174 certo
1992 3089 2055 3172 ha·

730 3201 859 3294 beat,
903 3227 951 3282 ne
974 3198 1069 3281 istud
1095 3201 1252 3304 quidem
1286 3203 1455 3311 praestare
1482 3205 1659 3312 poterit,
1700 3199 1791 3284 srcut
1823 3228 1894 3286 nec
1923 3198 2056 3284 Astro-

728 3309 836 3392 nomi
876 3309 1039 3392 Telluris
1070 3311 1240 3408 incolae,
1293 3311 1476 3421 quamdiu
1507 3313 1701 3396 Tellurem
1748 3312 1948 3394 immomm
1990 3308 2057 3390 ha-

728 3419 846 3500 buere
874 3449 884 3507 3
941 3417 1051 3530 quod
1079 3445 1127 3501 ex
1154 3420 1321 3503 Orbium
1351 3419 1648 3504 Planetariorum
1676 3417 1857 3506 distantiis
1880 3414 1904 3501 i
1928 3415 2060 3522 Ptole·

729 3530 859 3604 maini
886 3523 1111 3636 affignatis,
1153 3523 1425 3612 interseram
1455 3531 1620 3612 immane
1662 3525 1857 3626 diversis,
1899 3523 2061 3634 phano-

728 3634 848 3715 menis
876 3659 1004 3716 tamen
1031 3632 1116 3718 satis
1166 3633 1522 3735 consentientibus,
1574 3637 1726 3721 abunde
1766 3636 1924 3719 constat.
2014 3637 2058 3716 In

729 3743 937 3850 Systemate
965 3743 1066 3826 enim
1095 3744 1247 3828 immoti
1273 3745 1349 3828 loci
1378 3741 1675 3844 observatoris,
1718 3743 1927 3828 srcuilibet
1953 3739 2057 3852 supe-

654 3849 663 3864 '
729 3851 874 3933 riorum
901 3877 1050 3961 aptetur
1076 3855 1278 4046 Epicyclus
1304 3856 1343 3936 in
1373 3883 1447 3936 una
1472 3857 1717 3939 revolutione
1745 3853 1791 3936 ad
1812 3851 1953 3936 Solem
1974 3879 2054 3962 per·

729 3958 969 4058 currendus,
1018 3967 1059 4044 dc
1087 3991 1112 4044 0
1142 3959 1297 4047 servata
1325 3965 1404 4068 ejus
1431 3963 1615 4047 distantia
1642 3965 1812 4045 maxima
1840 3957 1865 4046 it
1894 3961 1988 4048 loeo
2016 3961 2054 4040 in

728 4063 796 4148 suo
838 4073 1056 4154 excentrico
1091 4099 1217 4182 prope¹
1248 4072 1477 4184 quadratum
1518 4074 1619 4156 Solis
1656 4070 1897 4180 contingenti
1937 4069 2053 4178 expli·

729 4175 857 4259 candae
890 4173 1106 4278 sufficiens,
1154 4185 1298 4291 poterit
1343 4176 1486 4283 (salvis
1512 4179 1800 4287 phanomenis)
1839 4174 2051 4260 Excentrici

727 4278 931 4365 deserentis
971 4289 1193 4394 Epicyclum
1231 4287 1506 4376 semidiameter
1542 4285 1671 4372 assumi
1713 4283 1878 4391 cujusvis
1906 4283 2051 4396 magni·

591 4507 595 4514 ι
707 4386 896 4488 tudinis,
933 4392 1055 4478 modo
1081 4396 1164 4478 talis
1191 4423 1234 4481 ur
1260 4400 1443 4498 Planeta,
1471 4399 1628 4510 quando
1649 4398 1871 4508 proximus,
1900 4393 2052 4586 loTngius

1572 4525 1576 4531 ’
1897 4531 1919 4588 a
1962 4523 2052 4584 etta
