4420 5692
710 663 780 738 432
930 643 1452 723 ASTRONOMIAE
1510 647 1851 725 PHYSICAE

541 831 594 892 w
621 810 749 888 mr
790 785 945 896 reliquis
979 769 1136 870 Viribus
1168 787 1332 898 agitatus
1373 813 1479 871 areas
1517 817 1584 900 per
1624 785 1772 871 radium
1818 786 2013 868 veslorenr

579 910 678 984 lit-1·
723 900 963 1008 temporibus
993 901 1305 1014 proportionales
1340 930 1442 986 nunc
1483 899 1673 985 describit.
1731 903 1839 982 Dum
1854 924 2011 982 -trerot

716 1012 971 1125 quadrantem
1004 1039 1032 1096 t>
1061 1043 1083 1098 Β
1110 1039 1316 1126 peragrat,
1356 1044 1438 1099 sar
1484 1015 1617 1099 deficit
1647 1013 1697 1097 ab
1729 1041 1747 1095 s
1774 1035 1826 1110 u,
1869 1015 1909 1092 dc
1942 1013 2013 1093 Vis

716 1126 944 1239 perturbans
971 1122 1268 1240 descriptionem
1300 1157 1397 1212 ateae
1421 1156 1490 1240 per
1513 1130 1661 1213 radium
1684 1131 1881 1210 vectorem
1905 1153 1932 1208 r
1964 1151 2011 1221 u,

715 1268 797 1351 quo
832 1243 957 1324 minus
996 1238 1042 1324 fit
1066 1245 1233 1356 tempori
1264 1243 1592 1353 proportionalis,
1632 1270 1716 1355 quae
1746 1241 1866 1324 estut
1896 1263 1927 1320 u
1953 1261 2011 1333 u,

713 1355 967 1439 dircdlionem
997 1356 1047 1438 ab
1082 1382 1113 1438 n
1150 1351 1277 1438 versus
1314 1380 1344 1438 u
1387 1354 1465 1438 five
1499 1357 1549 1439 ab
1585 1385 1610 1438 Β
1654 1349 1783 1438 versus
1817 1379 1838 1433 r
1878 1351 1895 1453 (
1933 1352 2011 1433 hoc

713 1471 796 1564 est,
831 1470 872 1550 in
899 1463 1211 1579 consequentia)
1237 1469 1384 1565 habet,
1421 1495 1467 1550 ac
1500 1468 1667 1582 proinde
1697 1493 1849 1552 motum
1892 1463 2011 1552 Satel-¹

713 1581 791 1664 liris
823 1581 863 1662 in
898 1581 969 1663 illo
995 1579 1212 1692 quadrante
1239 1584 1467 1690 accelerat:
1508 1584 1594 1694 post
1627 1581 1912 1691 opposrtionem
1944 1603 2012 1659 ve·

714 1723 759 1778 ro
791 1695 830 1776 in
867 1719 917 1792 r,
947 1721 973 1776 Β
1000 1721 1021 1775 r
1052 1694 1177 1778 tendit
1202 1697 1242 1777 in
1268 1695 1600 1791 antecedentiam,
1636 1720 1865 1804 motumque
1897 1717 2011 1774 retar-

713 1807 807 1904 dat,
845 1806 973 1892 donec
1008 1809 1048 1890 in
1075 1809 1308 1920 quadratura
1346 1809 1397 1892 ad
1431 1836 1457 1892 c
1503 1805 1705 1893 evanescat
1734 1805 1856 1891 rursus
1888 1831 1918 1888 ru
1948 1815 2018 1932 q?

712 1917 867 2034 ejusque
895 1922 1060 2032 proinde
1098 1919 1253 2006 cffcuus
1284 1919 1436 2015 cessent.
1495 1919 1660 2018 Rursus,
1706 1948 1794 2004 cum
1826 1919 1897 2001 Vis
1924 1945 1955 1998 rt
1979 1946 2009 2000 rt

711 2034 940 2148 perturbans
978 2031 1276 2146 descriptionem
1305 2064 1400 2121 areae
1433 2065 1550 2150 quam
1585 2037 1712 2120 radius
1743 2063 1771 2116 r
1798 2061 1824 2136 L,
1861 2033 2023 2126 verrit,¹

712 2177 761 2232 ne
791 2145 839 2230 sc.
878 2149 958 2230 haec
999 2147 1043 2231 fir
1078 2151 1246 2260 tempori
1284 2151 1617 2264 proportionalis,
1644 2151 1682 2229 in
1713 2145 1868 2229 transrtu
1889 2146 2009 2227 Satel-

711 2261 835 2346 litisai
873 2291 896 2344 c
931 2261 982 2343 ad
1020 2290 1075 2358 o,
1123 2260 1244 2345 velit
1286 2292 1313 2345 r>
1348 2265 1398 2347 ad
1432 2291 1484 2362 Β,
1526 2294 1592 2376 per
1622 2289 1714 2345 eruo
1749 2284 1933 2369 augeatur
1968 2263 2008 2339 dt

711 2378 751 2457 in
788 2401 812 2456 o
849 2401 894 2458 ac
928 2397 949 2455 Β
984 2373 1028 2458 srt
1072 2376 1268 2472 maxima,
1314 2383 1354 2459 dt
1386 2377 1476 2459 hinc
1518 2291 1641 2458 rrrrsrs
1673 2399 1862 2487 perpetuo
1898 2371 2008 2454 dimi·

711 2513 849 2572 truatur
885 2487 1015 2570 donec
1060 2489 1222 2572 Satelles
1266 2491 1468 2598 perveniat
1507 2491 1616 2572 ino
1660 2488 1725 2570 vel
1759 2513 1784 2568 c
1818 2484 1885 2566 ubi
1920 2511 2009 2566 eva-

710 2596 828 2687 nescit
857 2633 871 2689 s
897 2625 1005 2714 patet
1028 2602 1211 2710 Satellitis
1244 2601 1293 2696 stc
1325 2603 1534 2715 perturbati
1562 2628 1712 2684 motum
1744 2597 1819 2683 else
1848 2591 2008 2680 velocis

710 2714 844 2797 fimum
877 2721 896 2824 (
930 2717 1074 2796 caeteris
1105 2716 1306 2825 paribus)
1340 2719 1391 2798 ir!
1411 2717 1587 2827 Syzygiis
1624 2740 1646 2796 Β
1677 2719 1718 2797 &
1751 2738 1818 2816 e,
1854 2709 2008 2794 tardilst·

709 2851 816 2910 mum
848 2827 890 2909 in
929 2824 1184 2933 Qtadraturis
1219 2833 1311 2911 c&
1342 2856 1385 2911 n.
1420 2832 1545 2937 Qu.
1572 2829 1628 2911 D.

995 2991 1534 3106 ruor‘ostrro
1624 3020 1701 3103 11.

707 3198 837 3316 Iisdem
855 3198 993 3317 positis,
1020 3199 1197 3289 Saserna
1222 3204 1407 3291 tOrbira
1432 3215 1531 3292 circa
1555 3207 1788 3292 Primarirtm
1804 3235 1837 3294 r
1858 3207 2006 3321 destrip·

762 3342 807 3399 ta
832 3318 849 3428 (
875 3325 1002 3401 catera
1025 3317 1180 3431 paribus
1202 3322 1220 3431 )
1246 3329 1360 3433 magri
1392 3351 1509 3405 curva
1546 3323 1596 3426 est
1631 3329 1675 3402 in
1709 3350 1733 3409 c
1763 3321 1810 3414 ό·
1841 3350 1868 3408 u
1902 3321 2004 3443 Qa-

759 3429 919 3517 draeturrs
950 3462 1030 3516 cum
1064 3429 1176 3518 Sole,
1213 3462 1332 3548 quam
1359 3441 1402 3519 in
1431 3430 1592 3548 d'yzygiri
1624 3462 1649 3520 u
1682 3435 1728 3531 d·
1759 3463 1793 3522 Β.

816 3623 903 3706 Um
933 3621 1037 3706 enim
1062 3624 1223 3710 Satelles
1257 3652 1282 3709 Β
1311 3625 1487 3711 velocius
1517 3650 1723 3710 moveatur
1754 3633 1794 3715 in
1833 3629 2007 3744 syzygiis

531 3767 595 3832 atae
611 3768 660 3849 rtg.
677 3788 723 3828 2.·
822 3763 935 3850 quam
968 3737 1008 3820 in
1048 3738 1334 3856 Quadraturis²
1380 3741 1506 3822 minus
1536 3737 1712 3824 deflectet
1742 3741 1764 3826 ai
1793 3751 1898 3830 retro
1932 3768 2007 3826 tra-

704 3855 829 3950 mite,
866 3878 992 3962 quem
1025 3852 1066 3936 vi
1099 3849 1209 3936 inliti
1239 3848 1319 3936 sold
1348 3848 1608 3954 describeret,¹
1636 3856 1676 3936 in
1708 3856 1783 3942 illis
1813 3886 1930 3971 quam
1959 3857 2001 3939 ln

704 3962 834 4051 hisces
865 3963 942 4046 hoc
972 3967 1055 4058 est,
1081 3965 1266 4046 Satellitis
1291 3964 1431 4046 Orbita
1453 3964 1577 4048 minus
1606 3993 1723 4053 curva
1748 3971 1801 4055 est
1826 3975 1865 4054 in
1890 3974 2001 4055 Con-

704 4077 970 4184 junctione&
1004 4075 1263 4187 Oppofitione
1297 4103 1414 4187 quam
1446 4077 1484 4158 in
1527 4082 1792 4183 Quadratutis.
1849 4086 1927 4167 Sed
1960 4086 2001 4163 δι

705 4191 826 4294 major
851 4183 930 4269 haec
958 4188 1150 4272 Curvedo
1191 4189 1341 4273 exalia
1370 4189 1487 4273 etiam
1526 4189 1633 4276 causa
1670 4199 1889 4306 provenit:
1927 4197 1999 4278 Vis

701 4329 746 4389 ut
778 4331 808 4384 n
835 4322 865 4381 Ν
896 4298 989 4412 (de
1014 4328 1091 4413 qua
1115 4306 1231 4414 Ptop.
1262 4330 1376 4414 praec.
1405 4310 1422 4404 )
1451 4305 1492 4386 in
1525 4306 1815 4411 Conjundlione
1852 4317 1890 4392 δε
1916 4314 1996 4420 Op-

699 4415 892 4532 pofitione
924 4413 974 4512 ad
1010 4443 1036 4496 o
1067 4418 1107 4497 sc
1146 4440 1168 4498 Β
1202 4418 1393 4499 contraria
1431 4419 1485 4501 est
1520 4419 1572 4498 Vi
1589 4477 1604 4517 ,
1653 4419 1731 4532 qui
1772 4426 1934 4535 Corpus
1966 4449 1994 4504 r

699 4529 817 4614 trahit
843 4555 890 4625 r,
930 4528 1110 4641 adeoque
1141 4529 1246 4614 illam
1280 4530 1458 4613 minuit:
1499 4533 1632 4614 Minus
1660 4562 1754 4645 crgo
1786 4561 1990 4648 urgeturr.

698 4639 827 4728 versus
860 4669 888 4726 τ
921 4638 972 4727 ad
1005 4669 1031 4724 o
1067 4645 1162 4728 &s
1200 4671 1318 4756 quam
1351 4643 1401 4728 ad
1434 4671 1456 4728 c
1486 4647 1527 4726 δι
1559 4669 1587 4726 u
1614 4677 1627 4737 ς
1654 4645 1851 4760 minusque
1878 4675 1995 4758 prop·

1889 4786 1995 4844 terea
