4376 5694
1992 486 2019 554 *ξ
2048 519 2050 525 .

744 669 810 742 532
933 645 1470 734 ASTRONOMJAE
1517 645 1877 724 ‘rurslcae

682 861 686 871 .
741 810 835 886 tur,
872 787 913 868 δι
941 785 1039 870 hora
1060 785 1102 868 in
1127 783 1223 870 dato
1245 786 1372 870 ·L0co
1394 783 1588 874 Telluritr
1623 783 1779 870 dabitur
1806 789 1832 884 (.
1859 776 1928 899 per
1953 787 2043 876 Coi

741 898 829 984 roll.
862 923 1016 984 xxxv1.
1043 899 1131 982 Lib.
1166 899 1251 1006 Η.)
1280 900 1408 982 Locus
1446 906 1594 995 Terrae,
1639 900 1701 982 cui
1730 903 1838 984 Luna
1872 927 1956 988 tum
1986 906 2043 988 e'st

740 1012 784 1098 in
822 1013 978 1096 vertice.
1052 1014 1275 1124 Omniaque
1314 1016 1451 1110 loca,
1483 1039 1574 1123 qua
1608 1011 1700 1098 hinc
1732 1009 1872 1098 absunt
1910 1015 2041 1098 nunus

739 1126 956 1238 quadrante
976 1127 1138 1224 circuli,
1176 1129 1276 1210 hanc
1315 1125 1537 1214 videbuntr
1570 1153 1655 1236 quae
1691 1129 1836 1238 magis,
1868 1151 1949 1212 non
1981 1131 2065 1212 vir·

737 1239 915 1337 debuntr
946 1267 1034 1350 qua
1053 1235 1136 1353 ipso
1160 1239 1400 1354 quadrante,
1434 1241 1476 1326 in
1502 1237 1724 1326 Horizonte
1747 1239 1952 1326 videbunt.
2011 1259 2015 1266 ’

1082 1405 1610 1530 Conouuuuruu
1662 1426 1704 1500 a
1837 1423 1841 1430 ·

735 1585 795 1666 ux
828 1559 953 1668 nibus
982 1579 1127 1680 ultimis
1159 1561 1492 1689 Proposrtionibus
1523 1576 1688 1664 Schema
1721 1575 1876 1690 EcliplIs
1909 1582 2030 1672 [una-

735 1696 795 1778 ris.
819 1692 860 1776 in
904 1691 1022 1803 plano
1063 1693 1253 1806 graphice,
1282 1692 1544 1804 protrahetur.
1604 1695 1710 1778 Cum
1741 1694 1845 1780 enim
1880 1697 2028 1780 tantilla

733 1806 845 1892 Coeli
880 1806 1036 1894 Lunaris
1064 1829 1182 1918 pars,
1220 1833 1338 1918 quarn
1379 1807 1535 1890 Umbra
1566 1809 1584 1915 (
1611 1807 1678 1892 vel
1719 1806 1835 1892 etiam
1867 1809 2027 1904 Perrum-

733 1919 802 2004 bra
836 1920 854 2028 )
894 1925 1020 2002 Terrae
1059 1948 1135 2006 una
1176 1949 1264 2005 cum
1302 1923 1413 2004 Luna
1445 1919 1496 2002 ad
1525 1917 1682 2031 Ecliplis
1721 1920 1879 2006 initium
1921 1921 2025 2030 illam

731 2035 1516 2244 tenu
1541 2032 2024 2232 turnum
2085 2167 2090 2176 .

727 2259 847 2346 Luna
872 2286 967 2353 cum
1000 2264 1083 2346 Ecli
1114 2263 1189 2345 rica
1231 2174 1556 2372 comprehindit,
1574 2178 1780 2350 inrculos
1800 2175 1930 2357 istos,
1949 2276 2025 2344 ea·

729 2401 893 2486 tumque
929 2290 1115 2462 concursu
1148 2374 1314 2458 Nodum
1338 2373 1557 2484 proximum
1589 2372 1874 2462 referentibusr
1908 2367 2026 2458 sunu·

536 2558 545 2577 .
729 2515 791 2574 rur
831 2487 871 2570 in
907 2489 1011 2570 reela
1052 2489 1279 2600 Eclipticam
1318 2485 1510 2574 referente
1550 2492 1733 2602 punctum
1771 2484 1795 2570 a
1830 2487 2023 2570 communi

594 2679 597 2684 .
728 2605 913 2708 rectarum
942 2597 1130 2687 concursu
1166 2593 1310 2700 distans
1340 2624 1403 2683 tot
1436 2601 1607 2716 partibus
1633 2598 1843 2714 aequalibus
1876 2593 2024 2711 quibus·

727 2718 789 2810 uis
822 2739 923 2825 quot
962 2715 1134 2825 parribus
1173 2713 1305 2804 circuli
1346 2720 1436 2814 (v.
1460 2743 1503 2822 g.
1548 2711 1732 2828 scrupulis
1768 2713 1785 2822 )
1831 2711 2022 2796 Centrum

728 2827 892 2924 Umbrae
933 2827 1029 2912 five*
1048 2832 1240 3022 punctum
1279 2828 1365 2913 Soli
1410 2827 1634 2940 oppositum
1673 2827 1785 2912 distat
1816 2821 1838 2908 :i
1871 2827 2020 2918 Nouo,-

728 2965 865 3030 centro
889 2938 967 3026 hoc
996 2941 1046 3024 de
1063 2943 1230 3034 cribatut
1248 2941 1430 3026 Circulos
1458 2947 1584 3026 Terrae
1609 2942 1802 3024 Umbram
1832 2937 2020 3037 reserens,

649 3079 653 3090 ·
725 3055 838 3157 hujus
875 3053 1208 3139 Sentidiametrum
1248 3079 1310 3141 tot
1358 3057 1461 3168 prius
1509 3053 1778 3168 assumpturum
1821 3054 2020 3164 equalium

724 3165 892 3280 partium
918 3163 1099 3253 iaciendo
1127 3195 1229 3282 quot
1267 3165 1531 3282 scrupulorum
1559 3171 1600 3252 in
1626 3169 1750 3254 Coelo
1778 3163 1939 3251 Umbra
1960 3169 2019 3251 Se·

566 3283 611 3362 1²
723 3279 966 3376 midiameter
999 3310 1134 3368 revera
1154 3288 1353 3393 occupatr
1393 3313 1441 3372 ex
1473 3283 1550 3368 hoc
1576 3307 1713 3368 centro
1744 3278 1927 3368 ducendo
1944 3309 2019 3366 tec·

549 3397 552 3404 ’
602 3475 605 3484 ,
722 3415 792 3492 taa-
811 3417 889 3477 tarn
915 3395 965 3478 ad
989 3398 1216 3508 Eclipricam
1247 3422 1365 3508 quam
1388 3396 1439 3480 ad
1463 3397 1576 3482 Viam
1601 3399 1788 3480 Lunarem
1811 3395 2017 3491 normales,
2163 3455 2164 3508 q

722 3506 970 3617 fignabunrur
1002 3511 1044 3594 in
1074 3513 1151 3596 Via
1175 3511 1318 3594 lunari
1349 3513 1488 3621 puncta
1528 3512 1610 3596 veri
1642 3507 1844 3594 Plenilunii
1871 3508 2020 3594 media·

718 3646 802 3734 que
832 3623 1000 3735 Eclipsrs.
1059 3622 1184 3727 Quod
1204 3621 1230 3705 sr
1249 3623 1392 3708 eodem
1418 3645 1578 3722 centro,
1601 3648 1709 3708 extra
1730 3622 1912 3732 intraque
1953 3621 2020 3708 cir·

718 3734 850 3826 culum
868 3735 982 3821 ,hunc
1006 3731 1256 3834 umbrosum,
1275 3739 1341 3820 alii
1361 3736 1442 3824 duo
1465 3737 1657 3824 ducantur
1685 3725 1860 3845 i'priori
1883 3734 2020 3822 dulan-

719 3872 778 3934 tes
801 3843 924 3959 spatio
954 3875 1016 3936 tot
1042 3851 1145 3961 ptiu'a
1167 3847 1437 3958 assumpturum
1457 3851 1663 3984 aequalium
1690 3849 1855 3961 partium
1879 3899 1904 3948 ,·
1920 3871 2019 3964 quot

417 4045 421 4054 ,
577 3968 581 3973 ’
718 3963 985 4072 pradiclorum
1002 3961 1264 4076 scrupulorum
1284 3969 1398 4050 Luna
1415 3965 1705 4052 semidiametcr
1724 3973 1911 4078 apparens
1931 3989 2020 4048 con·

718 4079 831 4165 statr
887 4076 1027 4161 horum
1062 4077 1298 4160 circulorum
1334 4075 1618 4164 interfectiones
1655 4103 1745 4164 cunr
1775 4079 1877 4168 resta,
1908 4075 2019 4158 Viam

718 4191 834 4272 lunae
859 4173 1049 4276 reser'ente
1077 4190 1282 4274 ostendent
1308 4189 1347 4272 in
1379 4191 1584 4277 Schemate
1608 4197 1773 4303 punsla,
1812 4187 2019 4318 inquibus
2135 4169 2163 4306 ’⁸

716 4305 834 4386 Lunae
865 4329 1040 4388 centrum
1066 4299 1235 4388 versatur
1267 4301 1317 4387 ad
1347 4304 1506 4390 Initium
1537 4312 1578 4390 ἃ
1611 4305 1744 4392 Finem
1776 4301 1933 4416 Ecliplrr
1958 4325 2019 4388 to·
2135 4307 2163 4408 j

712 4412 876 4529 talisque
906 4413 1211 4510 Obscurationis.
1261 4419 1367 4507 Cum
1398 4447 1517 4534 porro
1542 4421 1679 4504 Morus
1698 4413 1872 4504 horarius
1901 4417 2017 4502 Lunae

513 4553 518 4564 “
632 4565 636 4576 ·
710 4525 855 4626 alSole
886 4533 927 4612 δι
957 4536 1151 4622 Horarum
1176 4531 1215 4615 in
1242 4531 1338 4616 dato
1366 4539 1479 4620 Loco
1507 4559 1690 4620 numerus
1721 4548 1899 4640 tempore
1931 4527 2014 4616 verl
2066 4515 2091 4567 ⁹

711 4645 946 4748 Plenilunii,
975 4671 1018 4744 ut
1037 4649 1083 4747 δι,
1101 4645 1323 4762 incipientis
1344 4705 1361 4749 2
1398 4646 1535 4738 medie
1560 4651 1602 4738 &
1629 4642 1801 4736 finientis
1836 4640 2018 4758 Eclipsu,

1968 4781 2019 4843 cx
