4322 5686
719 565 793 637 710
876 503 1454 618 astronom
1503 537 1856 624 rrrvrtcc

722 675 849 760 minor
893 667 1097 755 diametro,
1133 667 1294 752 Telluris
1345 689 1548 775 apparente
1590 665 1767 754 eodem:
1826 670 1876 752 Et
1916 667 2049 760 Venus

722 785 805 868 Soli
847 776 1067 890 opposita,
1110 777 1384 886 Mercurioque
1409 773 1588 886 ¹proinde
1629 780 1801 887 proxima
1837 837 1851 874 ,
1897 800 2050 860 tannm-

723 894 811 978 dem
855 887 934 972 sere
970 889 1080 972 distat
1114 882 1138 970 ὲ
1178 887 1372 968 Mercurio
1406 911 1522 998 atque
1558 879 1634 996 ipse
1663 887 1764 980 Sol,
1812 881 2050 997 Venerisque

722 1003 821 1087 adeo
860 999 1060 1081 Parallaxis
1104 995 1248 1096 (etiam
1286 1022 1372 1080 cum
1408 996 1619 1078 Mercurius
1655 998 1695 1078 in
1736 985 1907 1105 Aphelio
1947 997 2049 1078 illam

724 1113 805 1196 Soli
834 1105 1086 1217 opposrtam,
1129 1109 1170 1186 ’δι
1210 1099 1486 1216 consequenter
1520 1103 1588 1188 stbi
1616 1107 1789 1192 omnium
1818 1106 2049 1213 proximam,

723 1219 871 1320 cernit)
908 1215 1093 1299 Parallaxi
1122 1213 1221 1297 Solis
1252 1213 1273 1296 ὲ
1302 1219 1419 1298 Terra
1443 1211 1511 1296 visr
1535 1241 1615 1296 non
1638 1216 1691 1300 est
1707 1215 1840 1318 major.
1913 1217 2051 1325 Atque

721 1331 800 1411 haec
831 1326 918 1408 'duo
952 1322 1033 1408 sunt
1039 1351 1206 1450 magna
1233 1322 1374 1408 Mondi
1398 1345 1561 1432 corpora
1587 1383 1601 1422 ,
1639 1324 1834 1406 Mercurio
1857 1326 2049 1432 proxima,

722 1435 933 1521 Parallauin
951 1459 1114 1518 maxime
1138 1429 1344 1516 sensibilem
1372 1433 1563 1518 habentia.

779 1654 976 1768 Qoniam
1005 1677 1141 1734 autem
1171 1653 1184 1733 i
1211 1648 1247 1734 se
1284 1648 1493 1737 Mercurius
1521 1652 1653 1736 locum
1686 1677 1839 1749 mutat,
1875 1678 1937 1760 per
1960 1649 2054 1730 Ob-

723 1761 955 1846 servatiOnes
991 1761 1030 1841 in
1069 1759 1161 1842 dive
1194 1790 1224 1841 rs
1258 1763 1483 1846 stationibus
1525 1761 1641 1846 factas
1677 1763 1832 1870 colliget
1864 1761 2054 1842 Mercurii

722 1871 849 1955 incola
881 1871 1069 1952 rationem
1106 1870 1205 1952 inter
1247 1869 1458 1955 distantiam
1500 1873 1680 1954 Mercurii
1708 1869 1731 1953 a
1762 1871 1850 1954 Sole
1881 1873 1922 1951 δι
1956 1870 2054 1950 alte-

724 1984 798 2064 rius
832 1973 992 2082 cujusvis
1028 1979 1194 2060 Planetae
1228 1979 1442 2064 distantiam
1471 1981 1520 2064 ab
1549 1978 1727 2075 eodem,
1775 1977 1883 2064 srmili
1926 1978 2052 2071 modo

723 2114 839 2200 atque
877 2115 949 2168 nos
993 2089 1196 2172 Terricoloe
1231 2117 1279 2172 ex
1316 2091 1445 2202 magni
1474 2087 1589 2172 Orbis
1608 2088 1813 2172 ‘Parallaxi
1900 2093 2051 2168 Verum

723 2197 879 2302 quidem
918 2196 970 2278 est
1013 2198 1117 2279 illam
1151 2225 1231 2280 nnn
1268 2223 1347 2280 tam
1384 2222 1471 2282 tuto
1508 2199 1638 2282 col'i
1679 2259 1692 2296 ,
1738 2199 1829 2309 quia
1870 2196 2051 2282 distantia

694 2303 903 2389 ¹Mercurii
932 2302 955 2386 a
982 2307 1074 2387 Sole
1101 2328 1179 2388 tam
1205 2334 1345 2418 magna
1372 2335 1450 2388 non
1479 2309 1531 2390 est
1560 2312 1724 2416 repertu
1751 2305 1927 2389 distantia
1954 2305 2051 2386 alio-

723 2411 806 2498 rum
830 2413 1077 2497 Planetarum
1110 2439 1229 2526 atque
1260 2421 1386 2500 Terrae
1417 2419 1549 2500 nostrat
1582 2418 1755 2500 distantia
1788 2412 1960 2498 aSole:
1996 2413 2052 2494 At

723 2521 810 2606 cirm
841 2520 884 2603 srt
910 2551 1041 2604 earum
1072 2517 1237 2632 respestu
1274 2525 1398 2608 adhuc
1433 2521 1608 2608 senfibilis
1639 2521 1755 2620 satis,
1795 2527 1977 2608 nimirum
1995 2521 2051 2604 di·

719 2633 862 2737 stantiae
894 2633 1043 2728 Saturni
1072 2630 1095 2714 ἃ
1125 2633 1216 2714 Sole
1250 2661 1332 2742 pars
1362 2635 1509 2720 circiter
1535 2635 1715 2748 vigesrma
1770 2634 1875 2715 uinta
1905 2665 1916 2724 3
1965 2661 2049 2714 om-

720 2742 827 2832 nium
876 2741 1027 2822 istarum
1072 2739 1329 2824 distantiarum
1379 2745 1520 2839 ratio,
1674 2661 1973 2830 Observationes
2008 2741 2048 2822 in

722 2849 917 2930 Mercurio
946 2845 1099 2944 factas,
1143 2845 1228 2934 satis
1264 2851 1470 2935 commode
1506 2773 1772 2948 desslentur,
1816 2847 1939 2936 modo
1965 2849 2049 2932 Ob-

722 2951 893 3038 servator
920 2949 1105 3038 domicilii
1140 2953 1193 3040 sui
1219 2984 1369 3042 motum
1408 2963 1506 3075 circq
1532 2963 1662 3048 Solem
1691 2953 1881 3072 agnoscat.
1967 2959 2047 3056 Sin,

722 3060 883 3146 sensrbu's
913 3061 1071 3162 fidens,
1125 3069 1357 3150 Mercurium
1397 3064 1500 3152 suum
1530 3099 1601 3180 pro
1625 3069 1814 3154 immobili
1843 3093 1952 3152 certo
1984 3068 2048 3150 ha·

722 3173 850 3268 beat,
894 3201 943 3254 ne
965 3172 1061 3254 istud
1087 3174 1243 3278 quidem
1278 3178 1447 3286 praestare
1474 3181 1651 3288 poterit,
1690 3176 1783 3262 ficut
1815 3205 1885 3263 nec
1916 3175 2046 3262 Astro-

720 3281 827 3365 nomi
867 3282 1030 3365 Telluris
1062 3285 1232 3383 incolat,
1285 3287 1468 3396 quamdiu
1500 3289 1692 3372 Tellurem
1739 3289 1939 3370 immotam
1982 3285 2048 3366 ha-

720 3391 876 3480 buere3
934 3390 1042 3503 quod
1071 3420 1119 3476 ex
1146 3395 1312 3478 Orbium
1342 3394 1640 3480 Planetariorum
1667 3394 1848 3478 distantiis
1871 3392 1895 3478 a
1919 3393 2050 3499 Ptole·

721 3503 850 3576 marcis
878 3497 1103 3609 affignatis,
1145 3504 1242 3587 inter
1269 3497 1312 3584 se.
1338 3526 1417 3586 tam
1447 3507 1612 3588 immane
1653 3503 1810 3589 diversis
1824 3563 1849 3602 .,
1889 3502 2049 3612 phaeno-

720 3606 839 3687 menis
867 3631 995 3691 tamen
1023 3605 1107 3691 satis
1157 3607 1514 3711 consentientibus,
1565 3613 1717 3698 abunde
1758 3614 1916 3696 constat.
2003 3616 2045 3694 In

720 3715 928 3822 Systemate
957 3717 1057 3799 enim
1086 3720 1237 3803 immoti
1265 3720 1341 3802 loci
1369 3717 1667 3820 observatoris,
1710 3721 1736 3804 sr
1761 3721 1918 3804 cuilibet
1943 3717 2044 3830 supe·

645 3821 654 3836 '
721 3825 865 3906 riorum
893 3850 1042 3933 aptetur
1067 3829 1268 3938 Epicyclus
1296 3831 1334 3911 in
1364 3858 1439 3912 una
1463 3833 1708 3915 revolutione
1735 3829 1781 3913 ad
1803 3829 1943 3914 Solem
1964 3858 2040 3940 per-

720 3932 959 4032 currendus,
1009 3941 1050 4018 δι
1078 3933 1288 4020 observatae
1316 3941 1395 4042 ejus
1421 3939 1606 4023 distantioe
1633 3943 1803 4022 maxime
1831 3933 1856 4022 a
1883 3939 1978 4026 loco
2004 3941 2038 4020 in

719 4033 787 4120 suo
829 4045 1047 4127 excentrico
1082 4073 1208 4156 prope,
1239 4047 1468 4158 quadratum
1509 4050 1610 4132 Solis
1647 4048 1887 4158 contingenti
1928 4047 2037 4156 expli·

626 4207 627 4210 a
720 4148 847 4232 candae
882 4145 1097 4252 sufficiens,
1144 4160 1289 4266 poterit
1334 4151 1477 4258 (salvis
1502 4157 1790 4264 phaenomenis)
1829 4154 2035 4239 Excentrici

718 4251 921 4338 deserentis
962 4262 1184 4368 Epicyclum
1222 4261 1497 4352 semidiameter
1532 4262 1662 4348 assumi
1704 4260 1868 4367 cujusvis
1896 4260 2034 4373 magni·

582 4477 586 4484 .
698 4359 886 4462 tudinis,
924 4367 1045 4453 modo
1071 4371 1154 4455 talis
1182 4399 1224 4457 ut
1251 4373 1433 4474 Planeta,
1462 4375 1618 4486 quando
1640 4375 1862 4484 proximus,
1890 4371 2035 4564 lqtgius

1195 4538 1200 4552 .
1562 4501 1566 4506 ¹
1648 4549 1654 4564 .
1886 4507 1909 4564 ²
1950 4501 2036 4562 em
