4376 5694
704 594 782 688 ..eo
846 559 852 570 '
920 570 1450 662 astronomus
1507 567 1852 652 arr-raram

713 712 826 798 nari
863 715 982 798 Tetra
1024 710 1181 815 majoris
1221 709 1259 792 in
1294 703 1549 821 Qtadtaturis
1592 731 1710 816 quarn
1741 706 1789 788 -in
1834 703 2007 819 syzygiis

707 834 730 928 ¹(
755 827 804 910 de
831 851 909 938 qua
949 829 1065 936 Ptop.
1095 849 1150 905 11.
1178 817 1333 932 ejusque
1364 819 1504 904 Corol.
1542 821 1667 904 aetum
1706 818 1760 902 est
1781 819 1799 928 )
1818 821 1934 902 'nulla
1966 821 2005 902 in

711 927 872 1026 Tabulis
902 938 1090 1024 habeatur
1123 936 1221 1026 ratio
1233 993 1247 1034 ‚
1273 937 1313 1018 δι
1357 934 1447 1018 hinc
1486 931 1701 1043 pendentes
1736 933 1850 1016 Lunae
1884 931 2005 1018 Patal-

651 1078 653 1082 ’
711 1056 805 1145 laxis
840 1059 880 1136 ἀ
905 1056 1033 1139 Locus
1059 1043 1158 1134 visus
1187 1074 1388 1164 perperam
1409 1046 1438 1132 ,ὲ
1466 1045 1625 1132 Tabulis
1661 1067 1857 1130 eruuntur.

770 1173 917 1266 Porro,
955 1193 1043 1248 cum
1073 1163 1358 1276 Inaequalitates
1387 1163 1504 1249 Lunae
1532 1161 1700 1274 plurima
1734 1159 1931 1272 pendeant
1954 1161 2003 1246 ab
2157 1247 2158 1254 Ν

710 1277 878 1392 Aspeatu
914 1277 1125 1364 Nodorum
1169 1277 1327 1362 Lunaris
1368 1275 1519 1358 Orbita
1556 1301 1643 1356 cum
1679 1273 1772 1360 Sole
1786 1330 1800 1371 ‚
1841 1275 2004 1358 &licet

709 1396 843 1478 harum
874 1395 973 1477 ratio
1005 1393 1273 1505 in'aliquibus
1313 1389 1473 1476 Tabulis
1513 1389 1696 1471 hadenus
1736 1387 1903 1472 conditis
1941 1391 2005 1474 ha·
2158 1431 2159 1470 t

560 1507 569 1524 '
700 1510 873 1604 beatur,
904 1532 1033 1590 tamen
1070 1503 1111 1588 id
1158 1501 1302 1588 summai
1335 1501 1596 1606 exallitudine
1631 1497 1779 1584 fastum
1808 1528 1888 1584 nun
1925 1504 2003 1586 est:

708 1622 940 1708 Accusatius
974 1646 1099 1731 ergo,
1132 1621 1249 1703 etiam
1278 1645 1327 1700 ex
1363 1617 1472 1700 diuis
1508 1613 1694 1710 Tabulis,
1733 1619 1848 1700 Lunae
1875 1617 2003 1702 Locus
2159 1683 2160 1696 a

706 1735 913 1830 definietur
948 1761 1034 1816 curn
1067 1731 1350 1844 inaequalitates
1390 1733 1447 1818 ha
1482 1725 1647 1813 cellant:
1694 1723 1832 1812 celiam
1873 1753 2002 1814 autem

705 1876 795 1938 cum
829 1847 942 1930 Nudi
976 1847 1016 1931 in
1042 1847 1217 1958 Syzygiis
1253 1841 1478 1938 versanturr
1514 1841 1628 1925 Nudi
1654 1844 1757 1926 enim
1794 1869 1863 1956 pet
1885 1847 1998 1955 Prop.

707 1987 814 2054 xrv.
858 1987 939 2045 tum
977 1955 1204 2070 quiescunt,
1233 1963 1274 2040 δι
1306 1959 1490 2044 Limitum
1521 1957 1731 2041 'Inclinatio
1765 1980 1850 2040 tum
1886 1961 2001 2042 maxi.

704 2103 767 2160 ma
804 2073 858 2159 est
882 2100 950 2186 per
982 2075 1099 2183 Prop.
1129 2099 1201 2158 xv.
1254 2073 1300 2156 ln
1340 2072 1601 2156 Luminarium
1639 2097 1758 2182 porro
1792 2069 1999 2184 Eclipfibus

702 2187 818 2271 Nodi
859 2190 900 2270 in
943 2186 1117 2298 syzygiis
1153 2207 1221 2271 aut
1268 2214 1392 2300 prope
1429 2185 1514 2270 illas
1547 2185 1721 2274 harentr
1762 2183 1867 2268 unde
1895 2211 2000 2299 pater

702 2303 803 2389 ratio
835 2329 905 2385 cur
934 2300 975 2382 in
1006 2297 1106 2384 hisce
1131 2301 1247 2384 Lunae
1281 2301 1408 2384 Locus
1432 2301 1647 2384 accuratior
1668 2295 1903 2384 Tabularum
1926 2327 2002 2413 ope

692 2438 839 2506 exeat:
877 2413 1112 2500 Tabularum
1145 2415 1246 2497 enim
1273 2437 1422 2498 errores
1450 2415 1490 2496 in
1514 2412 1727 2498 Nodorum
1756 2407 1920 2524 regrelsu
1938 2443 2002 2500 va·

515 2607 517 2612 ,
694 2531 760 2624 rio
786 2529 971 2642 variaque
1000 2527 1159 2614 Lunaris
1196 2526 1314 2610 Orbis
1342 2525 1399 2616 ,ad
1430 2529 1588 2612 Orbem
1621 2553 1801 2638 magnum
1839 2528 2001 2613 lucllna·

699 2644 842 2740 tione,
885 2669 957 2755 pro
1002 2642 1114 2724 uario
1160 2640 1375 2726 Nodorum
1418 2639 1475 2726 ad
1511 2641 1644 2726 Solem
1682 2635 1849 2751 Aspeuu
1885 2639 1999 2754 (qui

694 2755 886 2866 aliquales
919 2761 1024 2838 berte
1061 2750 1197 2862 sunt)
1242 2754 1284 2836 in
1323 2755 1402 2838 hoc
1441 2749 1527 2842 casu
1566 2757 1700 2840 locunt
1732 2782 1813 2838 non
1841 2755 1998 2844 habent.

697 2866 859 2952 Cellant
893 2871 997 2952 enim
1029 2865 1186 2980 Eclipfis
1218 2889 1396 2980 tempore
1426 2865 1547 2954 eausa
1573 2867 1835 2980 produslrices
1868 2870 1999 2954 harum

694 2979 1007 3092 inaequalitatum
1053 2983 1177 3065 minus
1222 2986 1355 3068 malle
1401 2980 1445 3066 in
1495 2979 1666 3068 Tabulas
1707 2977 1998 3094 dispositarums

694 3093 878 3206 adeoque
921 3099 961 3182 δι
994 3121 1168 3178 errorum
1209 3095 1460 3181 Tabularium
1493 3095 1648 3182 effebus
1678 3093 1718 3180 in
1743 3097 1860 3180 Lunae
1890 3097 2024 3208 Loco⁸

688 3206 747 3300 ad
781 3208 966 3300 utramvis
987 3205 1149 3320 Eelipsan
1189 3209 1439 3322 (integrove
1473 3207 1554 3296 fere
1576 3205 1709 3298 Mense
1733 3233 1826 3295 ante
1852 3213 1892 3293 δι
1917 3212 2000 3323 post

693 3321 918 3416 alterutram
956 3321 1169 3434 Eclipsrn)
1212 3349 1413 3436 perperam
1458 3323 1686 3410 definiendo
1719 3326 1838 3410 etiam
1872 3319 1998 3410 renat.

670 3435 894 3540 ‘Quoniam
936 3435 1052 3570 igitur
1092 3437 1133 3520 in
1177 3439 1439 3574 luminarium
1477 3437 1690 3636 Eflipfibus
1734 3438 2001 3574 praeqiclonup

691 3571 900 3744 :llll-⁶
925 3552 1543 3774 lhility'grilinllll‘llr'?
1566 3553 1859 3753 illailla
1884 3555 2000 3752 ll:

689 3775 879 3887 temporis
910 3803 959 3860 ex
997 3777 1157 3862 Tabulis
1188 3777 1472 3895 depromptus,
1514 3783 1744 3894 pauciorum
1771 3807 1912 3892 nempe
1939 3787 2001 3866 AE·

687 3890 922 4002 quationum
961 3889 1114 4009 indigus
1148 3897 1241 4006 quia
1283 3893 1530 4007 paucioribus
1563 3894 1890 4008 inaequalitatibus
1928 3897 2001 3980 ob-

682 4001 853 4101 noxius,
892 4003 1011 4116 magis
1050 4031 1251 4092 accuratus
1297 4010 1338 4088 &
1375 4013 1528 4096 exailus
1574 4009 1648 4096 erit
1715 4035 1802 4092 uam
1824 4010 1884 4094 ,in
1917 4007 1999 4094 alio

678 4117 831 4226 quovis
867 4120 932 4204 vel
968 4117 1085 4206 Lunae
1123 4120 1189 4202 vel
1227 4118 1442 4204 Nodorum
1474 4121 1611 4208 litu&
1645 4037 1813 4235 nipeou
1847 4119 1898 4206 ad
1929 4125 2003 4208 So

675 4227 793 4323 lem,
833 4232 901 4316 ubi
931 4230 1219 4344 lnaqualitates
1248 4260 1687 4349 occurrunt‚quatuur
1721 4235 1789 4332 vel
1819 4234 1930 4324 nulla
1957 4238 2023 4324 ia·

524 4415 528 4429 .
684 4340 854 4440 :tabulis
881 4346 1047 4438 nabetur.
1076 4345 1176 4436 ratio
1210 4349 1276 4438 uel
1308 4373 1392 4437 non
1420 4375 1613 4446 accurata·

1855 4677 2003 4769 SEC
