4346 5676
1233 551 1479 664 ·(⁶)

751 711 810 796 tio
837 706 1043 794 necessario
1076 708 1207 791 locum
1237 706 1383 809 habere
1418 707 1732 818 demonstravit:
1770 707 2050 812 verumetiam

751 829 1008 910 cometarum
1033 822 1289 905 Phaenomena
1319 823 1455 903 omnia
1490 846 1542 903 ex
1575 817 1706 904 iisdem
1745 823 1944 931 Principiis
1970 826 2050 908 cvi.

751 941 888 1039 denter
916 933 1113 1047 consequi.
1171 936 1218 1016 Id
1249 935 1359 1048 quod
1384 935 1568 1046 exemplo
1584 935 1752 1046 praedioli
1777 936 1957 1018 Cometae
1984 963 2050 1019 an-

750 1054 792 1132 ni
820 1065 939 1140 1680.
962 1050 1116 1133 abunde
1129 1048 1330 1133 illustravit
1343 1105 1358 1145 ,
1383 1048 1623 1158 modumque
1647 1048 1784 1130 docuit
1801 1049 2050 1138 Geometrice

749 1161 997 1248 construendi
1038 1160 1197 1246 Orbitas
1233 1162 1515 1251 Cometarumt
1562 1162 1852 1273 Problemaque
1884 1161 2049 1246 arduum

721 1303 794 1362 ,ac
822 1299 934 1386 tanto
960 1274 1118 1386 Oedipo
1144 1274 1304 1386 dignum
1332 1272 1475 1356 summa
1507 1303 1595 1358 cum
1624 1277 1798 1358 omnium
1828 1273 2050 1361 admiratio·

748 1417 799 1472 ne
822 1385 992 1475 resolvit.
1037 1391 1250 1473 Cometam
1277 1412 1406 1470 autem
1431 1388 1536 1471 hunc
1558 1389 1598 1471 in
1620 1389 1717 1474 orbe
1734 1387 1957 1499 parabolico
1973 1391 2049 1470 So·

747 1503 826 1589 lem
845 1499 1066 1586 circumiille
1094 1502 1235 1613 probat
1253 1558 1267 1598 ,
1296 1504 1407 1583 itaut
1428 1503 1538 1584 Areae
1556 1501 1606 1586 ad
1622 1503 1814 1586 Centrum
1833 1500 1932 1585 Solis
1951 1503 2048 1584 aesti.

747 1641 863 1701 matae
881 1615 1142 1725 Temporibus
1166 1614 1478 1726 proportionales
1502 1613 1655 1698 fuerint.
1778 1679 1785 1685 .
1855 1643 1860 1654 ’
1993 1615 1996 1621 ’

804 1729 919 1816 Tanti
954 1730 1026 1814 viri
1053 1728 1224 1842 vestigia·
1238 1722 1428 1816 insecutus
1450 1728 1615 1813 eandem
1640 1727 1864 1820 methodum
1889 1729 2048 1814 calculo

746 1839 1010 1932 Arithmetico
1036 1838 1333 1923 accommodare
1356 1836 1544 1951 aggressus
1572 1835 1682 1937 sum,
1713 1869 1785 1924 nec
1808 1841 1917 1925 irrito
1962 1845 2046 1925 Co-

746 1957 915 2038 namine.
975 1953 1167 2068 Undique
1192 1952 1296 2035 enim
1324 1947 1548 2064 conquisitis
1578 1953 1834 2038 Cometarum
1853 1949 2046 2038 Observa.

744 2065 954 2163 tionibus,
977 2065 1180 2152 Tabellam
1205 2068 1334 2164 hanc,
1369 2066 1540 2155 immenfi
1565 2092 1664 2176 pene
1681 2069 1838 2152 Calculi
1865 2066 2045 2164 studium,

726 2179 940 2274 obtinui,
978 2181 1157 2290 exiguum
1184 2177 1342 2291 quidem
1366 2172 1432 2263 sed
1457 2208 1538 2288 non
1574 2181 1762 2292 ingratum
1800 2180 2045 2288 Astronomis

676 2296 678 2300 ’
745 2316 897 2377 munus.
926 2290 978 2373 Hi
1009 2291 1152 2374 etenim
1177 2293 1325 2376 numeri
1342 2293 1423 2374 vim
1439 2293 1585 2376 habent
1609 2295 1739 2377 omnia
1756 2301 1842 2403 qua}
1875 2290 1925 2382 de
1961 2319 2046 2377 mo·

667 2489 670 2494 .
745 2429 790 2490 tu
823 2405 1080 2488 Cometarum
1111 2406 1292 2490 hadenus
1319 2401 1523 2489 observata
1557 2401 1640 2488 sunt
1677 2404 1949 2491 accuratissime
1987 2437 2043 2492 re-

745 2510 1019 2631 praesentandi,
1043 2546 1121 2629 ope
1150 2515 1266 2608 solius
1286 2520 1443 2605 Tabulae
1460 2521 1660 2603 Generalis
1685 2515 1951 2632 insequentis,
1977 2523 2044 2605 eui

742 2629 980 2716 adornandae
1006 2632 1119 2714 nullis
1153 2629 1239 2716 sane
1263 2635 1418 2745 peperci
1440 2633 1670 2728 laboribus,
1701 2658 1744 2717 ut
1763 2629 1932 2763 perseda
1955 2661 2042 2743 pro·

676 2789 683 2796 -
745 2741 867 2838 diret,
888 2764 1026 2852 utpote
1050 2747 1266 2839 Postetitati
1280 2741 1510 2836 consecrata
1532 2770 1579 2834 ac
1602 2770 1689 2837 tum
1714 2745 1882 2834 Setentia
1911 2743 2042 2835 Albo·

744 2856 901 2960 uomica
917 2853 1111 2952 duratura·
