4376 5694
255 647 300 724 o
331 611 734 734 tenuaretur
764 619 1114 773 arentum.
1152 619 1238 748 nr.
1270 683 1338 762 tt.
1413 707 1478 787 nt
1587 663 1588 668 ‘

180 812 231 872 err
262 791 567 901 praecedentibus
600 794 776 892 dentur3
816 809 919 890 tella
957 812 1147 896 Lunarem
1165 845 1170 855 ·
1189 821 1305 901 Viam
1343 853 1480 938 repra-

177 896 329 990 sentans
356 907 552 992 dividetur
576 911 616 993 in
642 939 771 1023 partes
800 923 986 1031 aquales,
1019 953 1105 1035 quae
1130 936 1296 1016 numeris
1328 938 1479 1050 inigni-

177 1045 289 1107 entur
316 1027 445 1107 Horas
474 1021 781 1128 denotantibus,
822 1035 861 1113 in
895 1034 986 1119 data
1026 1039 1270 1128 habitatione
1303 1077 1478 1154 numera·
1611 1061 1614 1066 ’
1704 1047 1706 1053 ’
1824 1028 1828 1036 ¹

174 1161 259 1232 tas,
293 1135 437 1247 quibus
471 1141 581 1222 Ituna
613 1147 754 1250 pundta
776 1146 885 1229 Coeli
911 1149 1125 1263 homologa
1160 1173 1278 1240 tenet.
1337 1168 1385 1245 Et
1403 1170 1477 1252 Lu.

173 1277 232 1332 nae
262 1249 478 1334 deficientis
513 1254 660 1350 Phasis,
688 1259 870 1366 quolibet
893 1287 1069 1374 tempore
1095 1275 1353 1383 contingens,
1382 1306 1475 1363 ocu-

172 1369 215 1450 lo
242 1363 555 1468 -commodiffime
579 1362 825 1469 subjicietur,
861 1373 887 1456 st
919 1381 1083 1484 pundlo·
1107 1382 1146 1461 in
1192 1387 1267 1466 Vr'a
1299 1390 1440 1474 Lunari
1458 1421 1494 1488 ,·

170 1507 333 1564 numero
369 1481 572 1588 Temporis
599 1479 680 1564 dati
706 1482 915 1594 inlignito,
953 1505 1149 1606 tanquam!
1173 1523 1311 1578 centro
1344 1505 1473 1590 &in

170 1594 337 1681 teruallo
371 1589 705 1676 Semidiantetrunt
740 1599 858 1678 Lunae
890 1628 1141 1712 apparentem
1171 1609 1361 1696 referente
1393 1611 1472 1697 des·
1596 1623 1600 1632 '

168 1707 337 1793 cribatut
371 1705 563 1787 circulus:
615 1706 705 1804 hle,
754 1708 834 1821 qui
871 1739 980 1824 patre
1015 1719 1115 1800 intra
1147 1723 1331 1804 circuiunt
1370 1729 1479 1810 Um·³

166 1823 276 1907 brem
301 1817 532 1906 referentem
552 1819 682 1918 cadit,
705 1820 980 1932 representabit
995 1833 1111 1918 Lunae
1156 1861 1275 1918 artem
1290 1839 1471 1923 deficien-

148 1959 274 2025 γῑςιῃς
314 1931 393 2048 qul
424 1957 522 2015 vero
555 1958 661 2018 extra
699 1935 809 2019 illum
833 1944 1030 2052 prominet
1075 1862 1293 2045 (luendo
1327 1956 1469 2061 promi-

164 2050 275 2156 net)
315 2071 465 2159 partem
493 2043 716 2131 illustratam
742 2053 948 2136 ostendet:
993 2053 1174 2170 adeoque
1212 2062 1334 2176 Digiti
1369 2067 1468 2148 Ecli-

53 2219 61 2243 Ι
106 2163 112 2172 ’
161 2164 257 2274 ptici
287 2189 357 2270 per
398 2154 642 2272 separent,
683 2167 794 2244 ut&
830 2168 929 2250 tatio
971 2171 1072 2252 inter
1097 2171 1305 2284 integrum
1352 2181 1486 2264 Lunae·
1576 2197 1605 2222 ,.

160 2272 321 2359 Discum
369 2277 410 2355 δι
453 2298 602 2384 partem
628 2275 709 2379 ejus
745 2276 911 2362 lucidam
955 2289 971 2382 (
1008 2281 1141 2394 fiqua
1168 2289 1272 2397 est)
1324 2319 1466 2401 nempe
1527 2371 1530 2377 ,

159 2385 419 2474 differentiam
464 2387 565 2468 inter
602 2387 683 2470 duo
715 2385 928 2504 segmenta
971 2394 1153 2482 datorum
1201 2403 1462 2504 circu-lotum,

158 2529 247 2618 quae
278 2527 325 2584 eu
364 2497 766 2616 circuli-dimenfione
797 2501 1017 2593 innotescit.

341 2687 521 2788 ‘S'E
578 2689 622 2789 C
677 2687 732 2811 Τ
787 2695 811 2791 Ι
869 2694 921 2798 Ο
1011 2699 1228 2805 v111.

527 2869 605 2958 Da
644 2875 883 2965 Ecurrrt
921 2883 1110 2975 Souis:

281 3070 452 3160 Alienus
489 3068 541 3153 de
577 3073 719 3156 Lunati
746 3073 885 3185 Etlipsr
918 3078 1086 3162 ditium:
1123 3083 1300 3196 Superest
1329 3115 1374 3176 ut
1406 3091 1458 3179 de

213 3270 216 3276 .
293 3187 417 3273 Solari
451 3183 568 3268 etiarn
598 3211 767 3296 agamus.
828 3189 892 3273 Ac
919 3195 1021 3304 prius
1054 3195 1212 3306 quidem
1251 3202 1348 3286 hanc
1374 3207 1457 3290 uni.

152 3297 349 3386 versaliter
384 3295 655 3394 tractabimus,
685 3300 966 3416 Umbramque.
994 3309 1183 3392 Lunarem
1220 3314 1259 3394 in
1299 3322 1456 3401 Terram
1495 3349 1499 3356 ·

139 3411 394 3498 'incidentem
435 3407 787 3510 confidetabimus,
835 3417 1043 3528 quomodo
1085 3449 1177 3506 vere
1221 3429 1456 3541 proprieque

152 3527 312 3640 Eclipfis
341 3531 466 3610 Terret
491 3522 656 3607 dicenda
686 3519 802 3610 effer:
836 3533 952 3612 ¹Nam
980 3533 1021 3614 in
1052 3532 1125 3615 hac
1156 3543 1273 3619 Terra
1303 3537 1454 3625 easdem

152 3642 259 3722 vices
286 3641 387 3754 gerit
424 3665 521 3752 quas
548 3636 657 3734 Luna
688 3638 727 3718 in
756 3635 866 3752 supra
899 3639 1086 3757 descripta
1120 3649 1256 3758 Eclipfi
1281 3655 1452 3753 Lunari,

152 3755 340 3865 Lunaque
381 3753 532 3836 eal'dem
572 3749 635 3830 hic
671 3777 767 3862 quas
798 3755 878 3836 illic
913 3760 1045 3838 Terra.
1100 3760 1260 3846 vDeinde
1294 3766 1454 3849 Phaeno-

152 3893 297 3956 menon
339 3867 464 3949 hocce
500 3861 658 3970 Eclip'srs
693 3871 820 3948 Tetrae
865 3865 1213 3971 confidetabimus,
1262 3901 1456 3986 quatenus

152 3978 316 4062 Telluris
344 3981 481 4062 incolae
518 3981 556 4061 in
592 3978 735 4059 Lunati
773 3979 927 4088 Umbra
961 3977 1169 4082 immerso,
1211 3987 1454 4102 Coelutnque

150 4087 386 4198 suspicIenti‚
440 4095 550 4174 Luna
593 4089 764 4202 aliquam
806 4093 909 4178 Solis
955 4119 1103 4201 partem
1138 4099 1262 4208 tegit,
1303 4105 1343 4182 δι
1373 4101 1454 4213 quai

149 4201 222 4286 Sol
253 4203 344 4288 ideo
374 4203 541 4289 deficere
577 4201 761 4294 videtutt
804 4205 1199 4296 unde-Phanomeno
1236 4215 1326 4300 huic
1349 4217 1453 4304 Solis

148 4311 335 4404 Defectus
375 4343 518 4402 nomen
546 4317 598 4402 est
622 4315 801 4418 inditum.

237 4719 397 4834 Gregorr‘
424 4717 539 4832 Mt.
557 4715 657 4808 Tum.
686 4723 748 4809 11.
930 4715 935 4724 ’
1017 4729 1057 4813 O
1307 4693 1462 4822 PRO:
1519 4859 1526 4872 .
