4376 5694
724 669 786 736 512
906 635 1445 716 >strenuorum
1501 633 1855 714 rursm

725 780 914 882 „circiter
941 774 1146 874 secundis,
1184 803 1252 862 aut
1282 777 1300 874 (
1326 771 1438 886 quod
1474 771 1618 857 eodem
1651 773 1830 876 recidit)
1864 775 1904 858 in
1938 773 2036 859 ectr.

729 895 821 1012 „pst
852 895 993 979 Lunari
1024 897 1140 977 Lunae
1180 891 1387 976 Parallaxis
1413 888 1669 973 horizontalis
1702 889 1880 1001 augenda
1915 890 2038 975 estin

622 1091 625 1100 .
692 1081 697 1088 .
730 1010 925 1115 „ratione
948 1007 1098 1090 circiter
1123 1027 1180 1114 70
1210 1002 1261 1085 ad
1289 1015 1357 1114 69.
1409 1031 1411 1036 ·

789 1127 828 1205 Si
861 1123 972 1232 plura
1005 1125 1127 1203 Lunae
1160 1123 1266 1202 Loca
1304 1110 1815 1202 metrumne-observata
1846 1118 1864 1227 (
1899 1113 2044 1233 praescr-

735 1241 805 1324 tim
840 1237 941 1317 circa
974 1233 1284 1342 Qudraturas)
1333 1261 1421 1317 cum
1454 1227 1622 1338 ejusdem
1666 1233 1782 1316 Locis
1819 1233 1869 1315 ad
1910 1231 2044 1316 eadem

737 1375 916 1460 tempora
943 1376 991 1432 ex
1028 1341 1264 1459 supraposita
1293 1345 1464 1430 Theoria
1508 1340 1720 1458 supputatis
1767 1345 2047 1433 conseranturt

739 1463 891 1580 patebit
928 1459 1087 1544 tandem
1116 1488 1209 1542 num
1239 1460 1321 1546 aliae
1347 1460 1418 1544 smt
1446 1461 1702 1571 AEquationes
1736 1455 1949 1558 sensibiles,
1966 1459 2050 1570 qul·

741 1583 814 1663 bus
844 1575 1015 1660 Theoria
1044 1576 1125 1658 haec
1163 1575 1217 1658 est
1247 1570 1532 1685 amplificanda.

1000 1721 1547 1852 nu'onosrrto
1643 1741 1817 1852 xxx.

751 1955 903 2070 Tempus
931 1955 1052 2038 medie
1091 1951 1358 2062 Conjunliiom's
1394 1976 1460 2036 aut
1495 1949 1733 2063 Opprfitianr'r
1777 1951 1869 2037 Solis
1908 1953 2057 2048 &Lu

812 2103 862 2156 nae
889 2078 1055 2185 proxime
1100 2069 1315 2182 insequentis
1352 2071 1406 2153 ad
1444 2067 1572 2182 datum
1611 2067 1763 2182 Tempus
1803 2071 2056 2153 determinare.

871 2264 1082 2370 Onjundlio
1112 2263 1240 2348 media
1276 2265 1329 2350 est
1359 2293 1445 2350 cum
1487 2267 1616 2350 locus
1650 2265 1752 2348 Solis
1782 2263 1929 2350 medius
1959 2261 2060 2346 idem

877 2381 929 2466 est
959 2408 1046 2462 cum
1077 2380 1188 2462 Loto
1216 2383 1332 2463 Lunae
1366 2379 1498 2486 medio
1530 2377 1570 2460 in
1601 2379 1813 2491 Ecliptica:
1857 2375 2061 2488 Opposttio

759 2492 1011 2583 vero'media
1044 2510 1132 2574 cum
1171 2491 1237 2576 ille
1267 2492 1358 2598 ¹huie
1393 2492 1620 2606 opponitur.
1681 2495 1881 2607 Quaeratur
1913 2519 1961 2574 ex
1986 2495 2057 2573 Ta·

760 2613 867 2697 bulis
893 2605 1027 2692 Mortis
1054 2605 1173 2690 medii
1208 2604 1372 2690 Lunaed
1403 2607 1498 2689 Sole
1524 2604 1712 2690 Distantia
1744 2605 1869 2688 media
1903 2600 2057 2686 Lunaerl

763 2723 857 2807 Sole
895 2719 989 2802 dato
1021 2721 1207 2830 Tempori
1247 2723 1263 2810 (
1298 2719 1350 2804 ad
1375 2721 1546 2804 medium
1581 2718 1781 2823 reducto)
1812 2745 2058 2815 cometem,

766 2863 852 2950 quae
884 2831 909 2913 ir
935 2833 1040 2914 nulla
1074 2831 1141 2928 stt,
1171 2833 1238 2915 vel
1255 2834 1461 2943 Signorum
1489 2829 1577 2923 sex,
1613 2856 1705 2918 tunc
1732 2835 1805 2918 erit
1841 2835 1918 2946 ipa
1950 2835 2058 2917 Con·

766 2947 910 3058 iunctio
942 2971 1009 3028 aut
1035 2945 1241 3056 Oppofitio
1278 2945 1437 3037 medias
1473 2945 1527 3030 sm
1555 2947 1709 3046 minor,
1749 2971 1905 3032 notetur
1934 2943 2063 3029 defec-

768 3089 853 3158 tus,
889 3059 1010 3170 (five
1038 3056 1152 3142 arcus
1180 3086 1298 3174 quem
1331 3062 1438 3143 Luna
1466 3088 1686 3173 percurrere
1715 3062 1834 3146 debet
1863 3084 1906 3146 ut
1927 3059 2063 3145 Solem

708 3247 712 3257 .
769 3177 901 3259 denuo
937 3158 1152 3368 asseptlatur
1189 3174 1214 3257 fi
1256 3175 1499 3278 Conjundlio
1541 3175 1669 3260 media
1705 3175 1965 3274 defideretur,
2000 3173 2064 3256 vel

770 3313 815 3373 ut
849 3285 871 3370 i
899 3286 991 3369 Sole
1032 3313 1079 3368 ex
1114 3287 1239 3396 Signis
1268 3290 1473 3398 elongetur
1496 3287 1522 3371 st
1550 3288 1754 3401 Oppofirio
1772 3291 1820 3398 ‚)
1850 3295 1890 3372 &
1923 3317 1972 3372 ex
1995 3295 2065 3371 Ta-

771 3401 864 3488 bula
896 3397 1031 3484 Motds
1065 3399 1182 3481 medii
1227 3405 1341 3484 Lunae
1375 3401 1514 3486 &Sole
1540 3404 1579 3486 in
1615 3403 1777 3501 diebus,
1815 3405 1919 3486 horis
1954 3403 2068 3485 horae·

773 3543 851 3628 que
887 3513 1058 3625 partibus
1102 3513 1307 3625 colligatur
1343 3522 1513 3626 Tempus
1535 3514 1756 3626 requisitum
1783 3517 1834 3601 ad
1868 3519 1975 3601 illum
2013 3541 2069 3598 ar·

776 3656 873 3740 cum¹
897 3625 1225 3736 percurrendnms
1266 3624 1518 3714 subducendo
1548 3655 1689 3743 nempe
1717 3625 1863 3742 semper
1898 3632 1949 3714 ab
1982 3656 2070 3712 arcu

774 3741 902 3826 adhuc
938 3739 1196 3852 percurrendo
1231 3769 1362 3826 arcum
1398 3745 1435 3826 in
1482 3739 1631 3830 Tabula
1665 3771 1856 3855 repertum
1898 3746 2072 3856 proxime

775 3858 988 3953 minorem,
1037 3861 1205 3967 Tempus
1248 3884 1330 3967 quo
1365 3851 1569 3946 subductus
1603 3860 1834 3968 percurritur
1865 3859 2040 3940 notando
2057 3915 2071 3954 ,

776 3975 1050 4078 Temporaque
1077 3970 1155 4049 haec
1188 3970 1227 4050 in
1268 3997 1384 4052 unam
1410 3965 1592 4052 summam
1618 3971 1869 4082 colligendo:
1902 3972 1983 4053 huc
2011 3970 2074 4050 ad

778 4081 862 4164 dita
894 4080 1080 4189 Tempori
1102 4077 1196 4164 dato
1227 4082 1409 4174 conficiet
1429 4088 1598 4197 Tempus
1621 4085 1794 4196 Syzygiae
1813 4083 1948 4170 mediae
1975 4089 2076 4196 q'uae-

607 4217 610 4224 '
777 4191 901 4279 suum.

837 4307 961 4410 Quod
988 4305 1013 4389 fi
1043 4311 1237 4424 Tempora
1265 4313 1419 4426 aliquot
1456 4313 1593 4400 deince
1622 4313 1912 4428 sSyzygiarum
1937 4313 2080 4396 media·

782 4445 866 4502 rum
895 4449 1135 4531 querantur,
1178 4427 1341 4511 addatur
1375 4432 1560 4540 Tempori
1586 4345 1695 4542 lllpra
1717 4433 1880 4510 invento
1908 4435 2079 4538 Tempus

783 4535 1039 4617 revolutionis
1068 4536 1221 4650 integre
1248 4545 1365 4622 Lunae
1398 4543 1447 4624 ad
1474 4546 1607 4628 Solem
1627 4579 1637 4634 5
1661 4545 1881 4626 invenietur
1909 4547 2079 4650 Tempus

783 4648 957 4760 Syzygiae
985 4645 1150 4756 ejusdem
1186 4654 1355 4738 nominis
1393 4659 1589 4768 proximae.
1650 4659 1786 4768 Atque
1811 4655 1888 4740 hoc
1923 4656 2079 4766 quoties

1959 4767 2080 4852 libue-
