4346 5676
544 671 702 736 Gnom.l'ab.

538 755 570 814 Ι,
608 755 663 832 fig.
672 767 702 818 7.

1277 547 1298 636 [
1384 544 1416 632 0
1472 551 1494 644 ]

741 670 814 758 culi
843 667 975 764 GH,
1007 661 1116 778 quod
1147 657 1339 746 dividatur
1360 564 1405 743 br
1437 654 1502 742 sex
1526 679 1651 770 partes
1675 659 1860 775 aquales,
1902 663 1943 746 δι
1967 689 2038 776 per

738 790 881 906 singula
912 781 1136 870 divifionum
1165 783 1303 892 puncta
1338 778 1523 862 ducantur
1553 779 1648 862 radii
1677 781 1743 892 qui
1774 781 1979 892 producti,
2011 783 2037 866 li

740 905 886 995 neceffe
902 903 958 988 'est
973 963 1000 1002 „
1019 897 1197 985 secabunt
1217 897 1533 1010 AEquinoclialcm
1555 901 1573 982 Ι
1597 904 1626 980 F
1650 899 1689 980 in
1714 901 1859 1010 pundis
1881 907 1944 998 B,
1974 903 2038 1000 C,

737 1031 803 1126 D,
834 1031 891 1122 E,
921 1029 962 1107 F.
985 1049 1054 1133 per
1079 1047 1163 1131 quar
1188 1020 1323 1129 pundo
1352 1013 1538 1100 ducantur
1559 1014 1668 1102 lineat
1695 1017 1868 1116 Horariae
1898 1019 1949 1102 ad
1976 1026 2041 1102 Ε.

741 1127 1019 1260 quinodlialcm
1032 1133 1383 1251 perpendiculares,
1416 1159 1479 1220 aut
1501 1133 1551 1219 ad
1575 1135 1830 1220 Meridianam
1848 1135 1887 1222 A
1912 1142 1954 1223 G
1970 1140 2040 1222 Pa-

741 1261 891 1348 raflelae.

798 1383 839 1465 Si
859 1375 1128 1462 transferantur
1158 1403 1207 1459 ex
1227 1375 1299 1458 alia
1318 1374 1479 1487 partein
1501 1374 1601 1458 linea
1620 1373 1884 1487 AEquinoliiali
1901 1371 2042 1458 distan-

742 1501 803 1584 tiae
830 1502 953 1593 OB,
981 1503 1018 1580 Ο
1045 1498 1113 1592 C,
1144 1499 1184 1577 O
1205 1497 1274 1592 D,
1306 1499 1382 1579 &o
1415 1498 1456 1576 &
1479 1519 1549 1605 per
1575 1489 1716 1605 srngula
1740 1499 1875 1606 pundla
1898 1493 2045 1577 ducan-

743 1643 804 1702 tur
823 1616 930 1698 lineae
957 1614 1144 1726 prioribus
1167 1607 1373 1723 respedlive
1394 1611 1694 1724 aequidistantes,
1726 1617 1767 1695 &
1792 1612 1843 1695 ad
1864 1611 2046 1696 Meridia·

741 1761 830 1819 nam
856 1729 1062 1843 parallelae,
1093 1726 1306 1814 absolutum
1331 1731 1402 1813 erit
1421 1729 1711 1841 Horologium,
1754 1729 1860 1842 quod
1886 1727 1936 1811 fic
1959 1730 2047 1812 col-

743 1851 862 1936 locari
890 1849 1071 1947 debebit,
1102 1873 1144 1932 ut
1165 1849 1378 1932 Meridiana
1406 1846 1447 1932 A
1471 1853 1510 1934 G
1531 1844 1574 1930 fit
1597 1847 1775 1958 parallelo
1802 1849 1863 1932 axi
1886 1848 2046 1945 Mundi,

744 1977 785 2055 dt
813 1967 969 2052 Planum
993 1965 1201 2078 Horologii
1225 1963 1269 2049 lit
1298 1970 1440 2050 rectum
1468 1967 1517 2050 ad
1546 1966 1704 2052 Planum
1730 1966 1976 2081 AEquatoris,
2008 1971 2048 2048 δι

659 2167 661 2172 ,
745 2087 851 2172 sunul
876 2086 925 2170 ad
952 2086 1110 2171 Planum
1136 2084 1341 2168 Meridiani
1363 2083 1512 2184 circuli,
1540 2086 1649 2197 quod
1666 2083 1824 2198 quidem
1851 2082 1919 2166 fiet
1953 2081 2048 2166 stli-

744 2233 816 2290 nea
841 2229 869 2312 7
891 2207 933 2290 N
953 2210 1092 2317 (quam
1115 2198 1287 2314 suppono
1316 2200 1389 2288 effe
1411 2202 1461 2286 ad
1483 2203 1796 2288 Meridianamll
1823 2207 1862 2288 G
1886 2229 2048 2313 perpen-

738 2323 979 2424 dicularem)
1010 2321 1214 2406 conveniat
1236 2349 1323 2406 cum
1354 2320 1534 2404 Verticali
1559 2324 1742 2434 primario
1764 2318 1975 2432 descripto,
2006 2345 2050 2404 ut

744 2442 870 2553 prius,
902 2442 940 2522 in
974 2441 1094 2524 Plano
1123 2440 1251 2551 aliquo
1277 2438 1551 2538 Hotizontali,
1582 2442 1810 2525 &Planum
1840 2439 2049 2552 Horologii

745 2555 882 2644 efficiat
903 2585 990 2642 cum
1016 2560 1230 2650 Hotizonte
1257 2560 1438 2672 angulum
1470 2560 1654 2671 aqualem
1677 2559 1867 2644 altitudini
1892 2559 1990 2642 Poli.

805 2675 933 2788 Srylus
961 2675 1115 2760 non
1144 2679 1264 2760 rectus
1295 2678 1344 2761 ad
1373 2676 1533 2761 Planum
1559 2676 1766 2792 Horologii
1795 2673 2047 2789 supponatur,

741 2821 825 2879 non
857 2795 911 2878 est
942 2816 1028 2906 pars
1065 2794 1188 2890 axis,
1217 2790 1280 2877 sed
1323 2795 1448 2878 radius
1479 2797 1639 2908 Spbaerae
1670 2799 1858 2912 tangentis
1887 2796 2047 2878 Planum

742 2909 1011 3024 Horologiiin
1037 2915 1178 3022 pundo
1206 2917 1258 2994 0.
1318 2917 1455 3026 Itaque
1481 2911 1609 3013 staxis
1636 2913 1865 2999 desrderetut
1877 2972 1892 3011 ,
1924 2914 2048 2997 colio-

743 3028 885 3113 candus
904 3031 974 3111 erit
994 3033 1180 3112 Gnomon
1204 3031 1243 3112 V
1269 3035 1306 3112 V
1335 3036 1373 3113 Ο
1399 3033 1440 3114 in
1464 3031 1564 3115 linea
1593 3034 1824 3130 Meridiana,
1855 3034 1907 3115 ita
1933 3057 1978 3118 ut
2001 3029 2045 3114 su

741 3145 791 3230 ad
815 3144 971 3228 Planum
1000 3143 1209 3258 Horologii
1236 3151 1388 3246 relius,
1429 3153 1470 3231 δε
1498 3149 1597 3234 linea
1612 3186 1616 3192 ·
1629 3154 1669 3235 V
1697 3157 1735 3234 Y
1766 3147 2043 3262 repraesentabit

739 3291 852 3348 axem
878 3265 1026 3348 Mundi.
1087 3265 1346 3376 Horologium
1372 3261 1395 3348 ὲ
1417 3266 1531 3352 nobis
1560 3263 1786 3380 descriptum
1809 3270 1849 3352 in
1877 3263 2043 3352 schema·
2170 3357 2171 3392 ,

739 3405 779 3464 te
786 3438 800 3478 ,
844 3381 912 3465 est.
929 3382 1064 3488 Polare
1089 3376 1280 3494 superius,
1311 3381 1468 3468 Inferius
1504 3385 1555 3470 ab
1589 3415 1639 3470 eo
1674 3386 1766 3470 nihil
1794 3386 1945 3484 differt,
1976 3385 2044 3468 nist

737 3498 847 3611 quod
874 3503 1034 3582 Terram
1056 3495 1249 3616 respiciat,
1279 3501 1419 3584 indicet
1444 3533 1521 3617 que
1547 3510 1675 3588 Horas
1696 3505 1733 3586 in
1754 3505 1877 3618 Signis
1904 3509 2046 3588 Borea·
2168 3575 2169 3578 a

735 3615 866 3714 libus,
909 3617 1074 3729 quume
1106 3643 1241 3703 contra
1275 3620 1451 3730 Superius
1480 3624 1654 3707 ostendat
1684 3629 1813 3707 Horas
1846 3626 1882 3706 in
1913 3624 2047 3735 Signis

410 3685 416 3693 Ι
559 3829 563 3834 ,
699 3839 702 3844 4
735 3729 985 3820 nunanms.
1024 3737 1091 3818 ‘In
1111 3741 1318 3822 Gnomone
1341 3740 1379 3819 V
1403 3744 1460 3826 Y..
1491 3741 1588 3826 linea
1610 3744 1650 3825 V
1669 3745 1713 3824 Y·
1732 3744 1785 3826 est
1802 3739 1979 3854 parallela
2000 3743 2045 3824 li-

734 3881 817 3936 neae
834 3852 1084 3958 Meridianae,
1115 3859 1156 3940 dc
1179 3856 1351 3941 distantia
1372 3887 1398 3941 a
1424 3865 1462 3943 O
1491 3861 1543 3946 est
1566 3860 1718 3977 aequalis
1749 3861 1844 3972 stylo
1870 3857 2043 3946 reoon
2169 3899 2170 3912 Ν

538 4523 704 4626 ommno.

542 4647 583 4712 fl.
615 4645 705 4725 5321.

735 3975 776 4052 0
805 3970 845 4058 in
873 3972 1111 4087 HorologiO.
1325 4097 1346 4176 Ι
1375 4096 1394 4176 I
1423 4095 1443 4178 I

793 4423 795 4426 ¹
891 4323 1135 4441 Horologium
1160 4327 1414 4420 Inoozoooolc
1438 4363 1521 4418 cum
1542 4359 1667 4422 contro
1690 4331 1895 4446 destribere.

803 4577 860 4652 10·
877 4561 1052 4656 Ducatut
1063 4564 1163 4659 linea
1175 4569 1520 4678 MendicanaAF,
1551 4601 1667 4688 quam
1683 4573 1733 4664 ad
1745 4577 2042 4777 angulosredsps
2168 4503 2169 4506 Ν
