4420 5692
260 565 738 682 coronarentur
784 569 1127 648 arenarum.
1173 572 1261 647 mr.
1294 577 1368 652 w.
1400 517 1493 678 'err
1570 557 1581 562 ’

239 715 342 802 Aliae
369 715 546 830 quedam
583 710 712 802 forsan
752 708 836 799 sunt
870 715 1049 799 nondum
1078 709 1290 802 observate
1320 719 1341 814 (
1364 715 1496 807 saltem

181 828 238 915 ab
274 829 360 914 aliis
397 830 575 914 nondum
604 829 825 931 distindlae)
862 830 979 914 Lunae
1007 831 1317 942 inaequalitates,
1351 837 1497 944 quibus

183 947 267 1049 ejus
299 969 429 1030 motus
460 945 563 1028 adeo
596 943 872 1056 perturbatur,
921 969 965 1030 ut
1006 944 1117 1029 nullo
1153 947 1266 1055 padio
1303 946 1354 1028 ad
1387 975 1496 1063 regu.

182 1058 261 1142 lam
298 1081 443 1142 certam
473 1060 657 1144 habienus
692 1056 826 1142 reduci
863 1057 1064 1170 p‘otueritr
1095 1058 1170 1140 ille
1190 1087 1233 1141 v.
1246 1088 1289 1166 g.
1325 1058 1376 1144 de
1411 1066 1496 1176 qui.

182 1171 257 1252 bus
288 1172 421 1256 Schol.
457 1175 757 1284 Prop.xv111.
783 1175 861 1254 &o
901 1173 988 1255 Poll
1024 1168 1136 1256 hasce
1171 1201 1269 1256 vero
1307 1167 1395 1256 satis
1432 1205 1495 1261 co·

182 1283 309 1395 gnitas
351 1286 509 1396 reliquae
551 1283 705 1368 facilius
744 1281 1075 1387 observabuntur,
1128 1311 1340 1398 earumque
1378 1291 1493 1376 causa

183 1423 233 1483 ex
265 1399 462 1516 principiis
489 1400 594 1513 ptius
630 1395 763 1510 postis
799 1397 1052 1484 deducentur.

439 1589 977 1675 euoeoslrro
1051 1589 1300 1676 xx11.=

184 1749 419 1892 Dssaemiaem
455 1777 568 1864 Luna
602 1778 627 1862 a*
664 1801 785 1861 centro
816 1774 930 1860 Terra
948 1803 1020 1890 per
1047 1785 1198 1863 unicam
1223 1779 1383 1895 Eclipfin
1412 1779 1493 1867 Lu-
1532 1869 1547 1900 ⁶

241 1923 368 1978 narem
404 1897 424 1997 (
438 1895 521 2003 stne
542 1899 621 1975 ulla
648 1897 793 2008 previa
824 1891 1074 1999 observatione
1107 1887 1267 1991 Luna)
1305 1904 1491 1984 invenire.

316 2086 478 2171 Istantiae
509 2093 627 2171 Lunae
663 2083 687 2169 a
726 2091 845 2171 Terra
878 2083 1122 2197 investigatio
1158 2085 1327 2200 vulgaris
1363 2095 1495 2202 (me.

322 2199 455 2284 rhodis
471 2200 556 2290 Lib.
576 2223 611 2286 r.
629 2203 669 2280 &
686 2221 771 2281 111.
800 2197 948 2282 traditis
965 2196 1226 2310 inaedificata)
1244 2205 1360 2287 Lunae
1369 2205 1498 2290 Theo·

185 2317 284 2402 riam
323 2309 456 2397 salrem
492 2313 699 2425 aliqualem
742 2307 951 2424 supponit,
997 2341 1085 2398 cum
1125 2313 1287 2400 vlcissim
1331 2317 1411 2401 lraec
1441 2319 1493 2404 ab

185 2431 254 2516 illa
282 2425 476 2541 pendeat,
513 2453 586 2510 nec
616 2425 694 2528 srne
714 2425 780 2508 illa
796 2423 966 2509 obtineri
995 2427 1131 2539 poffitt
1154 2425 1249 2514 srcut
1269 2451 1385 2524 notat
1410 2430 1498 2512 Pto.

187 2545 323 2625 temam
350 2534 441 2650 Cap.
475 2564 548 2622 xt.
585 2533 678 2620 Lib.
709 2567 749 2620 v.
786 2539 1007 2648 Almagelli.
1051 2540 1125 2622 Ille
1154 2569 1225 2651 per
1254 2539 1496 2628 observatio-

114 2697 118 2704 ·
189 2670 281 2740 nem
326 2653 444 2738 Lunae
478 2654 518 2736 in
550 2653 711 2736 Vertite
749 2657 789 2732 &
829 2651 938 2734 stmul
981 2653 1186 2736 maximam
1230 2655 1494 2742 Latitudinem

92 2837 98 2844 .
188 2769 367 2856 habentis
403 2791 484 2851 rem
517 2764 690 2878 expedit.
750 2759 983 2869 Hujusnodi
1016 2763 1250 2852 Observacio
1287 2795 1494 2882 paucarum

188 2883 245 2970 est
287 2881 603 2978 habitationum,
643 2903 748 2964 certe
773 2905 869 2960 non
908 2877 1054 2961 nostrae.
1113 2879 1247 2964 Liceat
1291 2883 1407 2994 igitur
1440 2883 1492 2968 ad

185 2997 458 3081 Geometriam
496 3019 717 3091 recurrere,
753 3017 931 3104 numque
964 2991 1048 3076 haec
1082 3021 1202 3107 opem
1233 2993 1333 3082 serre
1368 2993 1494 3108 posset

187 3132 364 3207 tentare,
391 3112 431 3190 δι
449 3109 563 3191 Lunae
588 3107 802 3192 Parallarrin
829 3101 974 3217 absque
997 3105 1076 3190 ulla
1105 3109 1248 3219 praevia
1269 3111 1336 3194 vel
1360 3111 1492 3196 Theo·

189 3225 247 3316 ria
270 3221 338 3308 vel
379 3216 664 3306 Observatione
699 3221 843 3306 Lunari
871 3220 1064 3308 invenite·
1315 3321 1319 3327 ⁸
1481 3297 1489 3308 .

247 3341 458 3424 Momento
483 3361 566 3446 quo
596 3336 759 3419 Cornua
789 3336 905 3418 Luna
939 3333 1044 3441 (in,
1059 3332 1169 3439 lartius
1188 3333 1433 3422 immerstone
1447 3336 1490 3418 in

188 3450 353 3538 Telluris
392 3449 614 3544 Umbram,
653 3469 721 3529 aut
753 3446 966 3530 emersione
1003 3473 1051 3532 ex
1088 3448 1263 3558 eadem)
1295 3446 1394 3533 sunt
1421 3449 1491 3531 cir·

189 3567 281 3650 cralo
312 3560 591 3676 AEquinosliali
625 3559 831 3672 parallela,
867 3555 1122 3644 observentur
1154 3564 1271 3647 Lunae
1303 3562 1489 3648 Altitudo

188 3705 378 3791 apparens
400 3681 440 3766 δι
462 3681 479 3776 (
496 3700 575 3784 ope
595 3674 819 3756 -vicinarum
844 3673 1053 3776 lixarum)
1071 3675 1172 3758 illius
1207 3672 1391 3760 Ascenlio
1409 3703 1490 3756 rec-

190 3813 232 3876 ta
265 3795 305 3872 δι
340 3788 564 3874 Declinario
595 3786 711 3869 etiam
741 3809 984 3899 apparentes.
1043 3788 1157 3870 Dicta
1203 3811 1333 3870 autem
1372 3789 1489 3868 Lunae

189 3903 404 3990 deficientis
432 3901 557 3984 Phasis
590 3900 740 4012 optime
766 3899 1028 4010 distinguitur,
1056 3898 1083 3982 sr
1117 3899 1355 3983 collimando
1386 3900 1489 3982 Cor·

188 4042 269 4102 nna
286 4017 519 4130 reperiantur
540 4014 580 4096 in
611 4017 713 4097 resta
747 4011 1053 4126 perpendiculari
1078 4011 1129 4093 ad
1147 4013 1350 4096 Scioterici
1375 4015 1489 4097 Gno-

189 4158 374 4227 monem,
414 4129 491 4214 Axi
525 4125 788 4212 conversronis
826 4125 971 4211 diumae
1003 4123 1257 4239 parallelum,
1303 4131 1491 4238 AEquato
1507 4140 1675 4216 rab-xxm.

188 4269 273 4331 rem
306 4240 527 4332 reserentea
557 4242 597 4323 in
626 4269 707 4352 quo
733 4234 818 4324 casu
847 4241 976 4351 palam
1001 4241 1055 4324 est
1089 4241 1235 4324 Lunam
1261 4243 1300 4322 δι
1326 4239 1491 4324 Telluris
1513 4221 1565 4302 ⁵³⁸·
1581 4244 1620 4330 θ.

188 4354 387 4444 Umbram
411 4354 575 4440 eandem
599 4354 743 4438 habere
771 4348 1047 4438 Ascenstonem
1084 4357 1238 4438 restam.
1296 4355 1343 4438 In
1379 4381 1495 4438 anne-

188 4499 245 4556 xo
278 4465 468 4554 schemate
512 4467 655 4552 reserat
695 4467 859 4552 circulus
902 4489 1049 4551 zruo
1097 4466 1402 4568 Meridianum,
1453 4468 1494 4549 in

182 4606 274 4706 guo
303 4609 324 4664 a
357 4580 497 4676 Polus,
523 4605 547 4664 z
572 4581 720 4667 Zenith.
782 4581 840 4667 Sit
878 4583 1200 4692 rQAEqua'tot,
1217 4581 1370 4698 inquo
1399 4581 1497 4693 prin·
1630 4587 1647 4608 “

271 4691 432 4810 Gregni
453 4691 552 4807 sss·
579 4689 678 4780 Tora.
702 4697 764 4783 11.
1039 4696 1080 4780 H
1354 4695 1497 4810 cipium
