4420 5692
279 572 323 648 o
350 569 743 647 nonnarum
777 567 1117 670 narrarunt.
1153 572 1252 646 ιη.
1292 573 1361 649 ιν.
1438 597 1508 670 495
1636 517 1643 530 ⁶

195 695 347 806 plicata
387 701 589 810 Temporis
629 699 729 782 inter
768 700 882 780 Lunae
920 697 1185 808 Qradraturas
1203 755 1216 793 ,
1261 727 1330 808 per
1374 702 1508 785 Schol.
1625 741 1631 753 ·

86 887 91 904 ,
202 811 320 921 Prop.
355 839 513 896 xv111.
565 817 658 897 Haec
689 815 894 896 Correnio
928 809 1101 894 &Terras
1140 814 1348 896 Anomalia
1382 815 1510 899 media

204 925 375 1032 pendet,
402 955 446 1010 ut
477 931 517 1008 δι
546 927 620 1010 alia
657 923 735 1041 quai
769 951 930 1038 augetur
964 926 1140 1032 Variatio
1185 949 1251 1006 aut
1284 928 1509 1011 diminuitur

198 1035 239 1230 pn
265 1039 466 1232 priplicata
506 1044 657 1127 ratione
700 1042 891 1125 Diametri
921 1041 1138 1148 apparentis
1173 1039 1277 1123 Solis
1318 1045 1339 1126 ἐ
1389 1049 1509 1126 Terra

216 1177 264 1259 pe
301 1177 367 1234 ata.

258 1270 438 1365 Oblavo,
469 1267 681 1354 Nodorum
709 1267 831 1356 'luna
867 1267 1121 1383 AEquationes
1156 1291 1233 1350 tres
1265 1270 1304 1364 in
1338 1273 1507 1356 Tabulas
1665 1345 1669 1352 .

156 1465 161 1473 ,
197 1371 283 1461 sunt
315 1375 575 1492 disponendae.
637 1389 784 1466 Harum
812 1385 935 1497 prima
973 1382 1126 1492 pendet·
1146 1381 1195 1463 ab
1226 1377 1391 1492 Asperiu
1419 1389 1508 1470 No·

197 1492 455 1578 dorum'cum
488 1497 605 1580 Sole:
638 1499 744 1580 Nam
779 1520 847 1610 per
874 1503 988 1606 Prop.
1020 1523 1124 1578 xtv.
1163 1495 1277 1578 Nodi
1313 1497 1357 1578 in'
1388 1502 1508 1610 Syzy.

194 1608 267 1718 giis
307 1605 505 1720 quiescunt
534 1609 716 1721 penitusr
753 1611 846 1720 dum
885 1637 982 1694 vero
1024 1612 1079 1692 hae
1109 1635 1233 1720 prope
1260 1612 1506 1720 Quadratum

154 1785 158 1792 ,
195 1722 297 1803 Solis
323 1721 494 1822 luerent,
531 1723 766 1808 velocilitme
787 1727 826 1809 in
857 1722 1127 1809 antecedentia
1152 1720 1351 1816 seruorum
1385 1749 1506 1838 atque

194 1832 327 1920 ho'tusr
359 1838 624 1949 lunationem
666 1841 853 1952 integram
889 1867 978 1922 cum
1013 1840 1087 1922 alia
1127 1836 1278 1946 integra
1312 1839 1502 1923 conferas.

195 1949 300 2032 Num
334 1947 360 2032 st
393 1955 547 2036 unicam
572 1979 641 2066 per
677 1948 713 2036 se
746 1951 916 2065 speeies,
944 1953 1058 2036 Nodi
1095 1950 1255 2033 celerius
1284 1953 1505 2062 regrediun-

191 2070 301 2166 tur(
336 2092 406 2175 per
438 2071 552 2176 Prop.
590 2094 686 2148 xtv.
716 2065 732 2170 )
768 2099 855 2152 cum
894 2070 1004 2151 Luna
1037 2064 1222 2178 Syzygias
1256 2089 1391 2148 tenet:
1430 2069 1505 2152 At·

189 2205 270 2291 que
311 2178 399 2261 hinc
444 2180 657 2263 Nodorum
696 2184 886 2291 aequatio
933 2183 1129 2284 Menstrua
1161 2179 1214 2280 est
1256 2176 1501 2282 necellaria,
1570 2235 1571 2238 κ

190 2319 279 2405 quae
322 2293 373 2375 ab
409 2288 573 2404 Alperlu
607 2295 709 2378 Solis
742 2300 781 2376 ἃ
814 2298 931 2378 Lunae
977 2293 1134 2406 pendet.
1194 2295 1383 2404 AEquatio
1427 2320 1502 2378 ter·

191 2410 248 2490 tia·
273 2403 418 2489 Annua
450 2408 533 2496 est3
562 2409 676 2490 Nodi
704 2410 808 2491 enim
849 2411 866 2516 (
900 2411 1044 2492 caeteris
1078 2405 1280 2518 paribus)
1311 2435 1361 2489 eo
1392 2409 1501 2493 velo-

81 2577 87 2588 ι
183 2523 272 2606 eius
309 2519 577 2632 regrediuntur
607 2550 690 2633 quo
726 2523 858 2605 Tellus
889 2524 1082 2604 Perihelio
1118 2522 1170 2602 est
1202 2520 1394 2630 propior,
1432 2549 1501 2630 pet

191 2638 308 2747 Prop.
334 2659 435 2716 xlx.
474 2639 622 2719 Harum
651 2638 934 2748 AEquationum
966 2635 1201 2747 quantitates
1241 2634 1359 2742 (tum
1383 2636 1504 2717 inaxi-

185 2777 283 2845 mae,
318 2772 401 2831 tum
430 2749 590 2831 cuilibet
631 2747 810 2858 Asperiui
840 2746 1055 2830 Nodorum
1094 2749 1160 2829 vel
1198 2749 1315 2826 lunae
1348 2747 1398 2828 ad
1428 2749 1502 2833 So-

184 2862 296 2961 lem,
334 2867 373 2944 &
404 2862 620 2946 Anomaliae
661 2867 787 2946 Terrae
824 2888 1002 2973 congruae
1036 2861 1053 2968 )
1096 2859 1399 2944 determinantur
1432 2887 1500 2974 pet

188 2979 335 3089 Propp.
371 3005 431 3058 xx
461 2980 627 3058 dcxxv.
663 2991 857 3060 unacum
889 3001 978 3058 xiv
1015 2979 1055 3056 &
1094 2999 1194 3056 xrx.
1464 3033 1467 3046 .

241 3093 398 3188 Nono,
431 3087 612 3172 similibus
635 3089 957 3177 Corredionibus
987 3115 1085 3202 opus
1102 3089 1155 3172 est
1180 3085 1231 3169 ad
1263 3085 1492 3202 aequandam

183 3205 486 3288 Inclinationem
519 3204 636 3287 Orbis
665 3207 823 3290 Lunaris
858 3204 908 3287 ad
945 3203 1102 3316 planum
1139 3203 1359 3312 Eclipticae:
1401 3207 1495 3286 Haec

186 3320 290 3402 enim
326 3331 344 3419 (
382 3345 449 3430 per
486 3319 599 3429 Prop.
645 3321 765 3428 xv.)
812 3319 969 3408 minima
1004 3319 1058 3400 est
1096 3343 1184 3400 cum
1233 3315 1347 3400 Nodi
1410 3311 1494 3398 strnt

190 3433 231 3518 in
284 3432 538 3532 Quadraturis
578 3459 666 3512 curn
710 3435 828 3527 Sole,
871 3432 1035 3514 maxima
1069 3458 1157 3513 curn
1206 3431 1401 3542 syzygias:
1438 3454 1493 3512 re·

184 3572 318 3635 nenta
361 3551 401 3626 δε
448 3545 487 3626 in
514 3541 652 3628 eadem
704 3545 923 3628 lunatione
955 3544 1113 3628 minima
1150 3571 1238 3627 cum
1278 3547 1387 3628 Luna
1436 3543 1489 3626 est

184 3663 225 3746 in
277 3659 498 3770 Syzygiis,
560 3657 726 3740 maxima
761 3685 850 3740 cum
880 3659 919 3740 in
975 3658 1156 3766 Qadris.
1215 3661 1285 3742 14ae
1328 3658 1492 3769 igitur,

196 3802 286 3858 cum
348 3769 486 3855 eadem
543 3770 714 3854 habeant
766 3776 963 3883 Tempora
1017 3798 1106 3854 cum
1160 3770 1374 3854 Nodorum
1426 3771 1494 3849 ffi-

186 3886 438 4000 quarionibus
488 3886 506 3998 (
547 3883 597 3968 de
638 3884 781 3996 quibus
820 3881 1003 3969 naoenus
1040 3884 1059 3992 )
1103 3881 1238 3993 quoad
1282 3877 1492 3991 Aspeelum

142 4007 161 4045 ³
185 4029 272 4086 tum
306 3999 516 4084 Nodorum
553 4022 635 4082 turn
669 4002 787 4082 Lunae
816 4025 905 4080 cum
942 3997 1060 4093 Sole,
1095 3993 1305 4078 commode
1335 3993 1374 4074 in
1402 4019 1492 4076 ean·

184 4113 277 4198 dem
297 4101 515 4198 coalescunt
532 4112 734 4196 Tabulam.
794 4115 843 4194 Et
871 4108 1139 4216 Inclinationis
1164 4109 1366 4219 planorum
1389 4111 1493 4190 Cor-

183 4230 312 4314 rento·
344 4223 555 4310 commode
596 4225 638 4308 fit
675 4252 745 4336 per
789 4223 994 4336 particulas
1031 4221 1280 4305 Inclinationi
1323 4221 1525 4304 minimae'

183 4337 383 4426 addendas
416 4345 499 4438 (ut
530 4343 634 4450 prius
663 4338 714 4424 de
746 4339 1043 4422 Excentricitate
1078 4335 1342 4448 corrigenda)
1365 4335 1490 4419 varias

184 4483 258 4568 pro
288 4453 396 4542 diois
424 4445 646 4565 Aspeelibus
670 4451 883 4536 Nodorum
905 4456 944 4534 δι
963 4455 1080 4536 Lunae
1101 4450 1151 4533 ad
1184 4451 1339 4548 Solem,
1359 4457 1378 4552 (
1396 4449 1490 4548 vel,

177 4571 227 4658 in
253 4567 458 4658 Artificum
490 4563 639 4676 puzan,
676 4595 749 4678 pro
784 4565 985 4770 Dilpanztiis
1015 4561 1229 4654 Nodorum
1253 4571 1294 4652 δι
1319 4569 1435 4764 LSunlae
1467 4557 1492 4788 ἐ

311 4707 314 4716 ’
821 4713 826 4718 ’
1364 4703 1455 4775 oe,
