4336 5692
768 596 881 700 330.
986 582 1913 678 strnununrsrursrsz
2166 667 2167 714 p

774 736 1061 829 Observa'tione
1087 769 1229 828 norum
1257 743 1311 826 est
1337 747 1508 854 Tempus
1546 765 1629 852 quo
1657 767 1707 825 err
1738 763 1764 822 A
1795 737 1846 824 ad
1871 765 1897 822 c
1929 742 2063 823 motus

595 831 860 989 τῖξχξῗγεῆ,
882 855 987 940 idem
1009 884 1150 970 nempe
1182 856 1294 968 quod
1312 848 1482 966 elapsum
1515 854 1568 938 est
1594 855 1695 938 inter
1722 850 2067 938 Observationem
2166 919 2167 970 p

769 973 931 1087 primam
953 969 992 1054 in
1017 998 1044 1052 A
1066 976 1107 1053 δι
1137 971 1290 1056 tertiam
1316 970 1357 1051 in
1382 994 1435 1058 us
1471 968 1653 1078 &igitur
1681 991 1820 1052 notum
1854 967 1926 1051 erit
1950 971 2066 1050 Tem·
2166 993 2167 998 ‘

770 1112 843 1199 pus
869 1110 952 1195 quo
975 1085 1148 1168 Cometa
1179 1111 1314 1168 revera
1342 1083 1393 1166 ab
1415 1110 1443 1164 A
1473 1081 1525 1168 ad
1553 1105 1606 1178 u,
1638 1107 1867 1194 apparenter
1892 1078 1942 1162 ab
1963 1109 1989 1162 A
2017 1075 2066 1162 ad
2166 1165 2167 1186 p

773 1223 832 1294 o,
858 1221 1065 1286 moveturs
1092 1197 1170 1280 hoc
1188 1198 1274 1294 est,
1299 1199 1398 1279 inter
1427 1221 1567 1280 notum
1587 1195 1791 1304 Temporis
1811 1197 1996 1304 punctum
2026 1197 2064 1274 dr

771 1309 870 1394 ilsud
908 1336 991 1420 quo
1022 1312 1229 1422 Perigaeum
1266 1311 1443 1420 attinget.
1502 1303 1720 1392 innotescet
1750 1307 1867 1420 igitur
1894 1311 2066 1418 Tempus
2166 1323 2167 1408 ζ

773 1449 854 1536 quo
879 1423 1051 1508 Cometa
1079 1425 1120 1506 in
1149 1424 1317 1536 Perigaeo
1351 1419 1536 1507 versatur.
1889 1469 1892 1474 ·

769 1574 773 1582 ·
832 1542 1057 1634 Praeterea,
1096 1563 1287 1648 quaeratur
1316 1535 1563 1620 intervallum
1590 1538 1691 1622 inter
1730 1535 1863 1621 datum
1893 1535 2066 1645 Tempus
2166 1581 2167 1614 ;

774 1647 826 1734 ad
859 1647 972 1762 quod
998 1651 1133 1733 Locus·
1143 1651 1324 1760 quaeritur
1340 1655 1559 1760 &Tempus
1576 1652 1732 1754 alicujus
1751 1645 2068 1742 observationis,
2166 1679 2167 1684 ¹

774 1793 870 1872 vsg.
904 1762 1033 1874 primae
1046 1763 1138 1852 inA.
1166 1764 1354 1876 Capiatur
1379 1764 1419 1846 in
1448 1767 1550 1848 redsa
1572 1789 1647 1848 Ao
1669 1765 1772 1849 linea
1802 1791 1830 1845 A
1850 1793 1905 1871 Q
1919 1791 2007 1874 quae
2025 1758 2069 1840 stt

775 1876 826 1962 ad
858 1904 885 1959 A
904 1902 928 1958 c
956 1874 1049 1959 ficut
1064 1875 1186 1960 modo
1203 1878 1404 1960 inventum
1426 1878 1632 1991 Temporis
1662 1877 1909 1961 interuallum
1926 1874 1977 1956 ad
1998 1901 2068 1956 no·
2166 1877 2167 1938 ἰ

776 2013 859 2074 tum
875 1989 1123 2075 intervallum
1134 1985 1462 2076 Observationum
1478 1993 1655 2075 Cometae
1668 1993 1707 2074 in
1724 1995 1802 2074 A&
1821 2017 1848 2073 u
1861 1995 2068 2100 :jungatur
2166 2055 2167 2074 A

778 2133 805 2186 r
824 2131 880 2200 Q,
905 2107 945 2184 dt
962 2101 1198 2214 producatur
1211 2104 1341 2188 donec
1371 2132 1459 2188 cum
1491 2105 1635 2189 circulo
1654 2129 1688 2187 Ν·
1704 2130 1774 2188 Au
1799 2128 2003 2188 concurrat
2027 2097 2068 2182 in
2166 2103 2167 2110 ‘

778 2221 923 2331 pundo
946 2243 1004 2311 v,
1043 2244 1112 2328 per
1146 2216 1259 2329 quod
1289 2218 1485 2302 tradusius
1516 2219 1752 2329 intelligatur
1784 2219 1947 2302 circulus
1970 2212 2069 2298 Lati·

741 2373 745 2380 ·
779 2329 923 2416 tudinis
947 2355 975 2412 v
1001 2358 1057 2410 x:
1093 2335 1203 2414 Patet
1232 2357 1281 2414 ex
1298 2329 1484 2442 praedistis
1512 2335 1696 2444 punctum
1726 2333 1820 2434 Qin
1838 2325 2070 2434 Trajeetsria

780 2471 809 2526 A
830 2469 858 2526 o
884 2442 1065 2554 occupari
1084 2439 1108 2526 i-
1128 2444 1299 2529 Cometa
1329 2445 1379 2528 ad
1401 2443 1534 2528 datum
1564 2448 1747 2556 Tempus.
1797 2447 1848 2527 ln·
1876 2441 2069 2554 triangulo

782 2583 857 2658 (υ
875 2583 901 2637 τ
927 2583 976 2640 ex
1006 2555 1106 2638 datis
1138 2556 1321 2644 lateribus
1352 2584 1421 2640 A·r
1446 2611 1458 2641 .
1505 2583 1533 2640 A
1550 2584 1601 2658 Q
1621 2561 1826 2672 &angulo
1851 2560 2070 2668 intercepto

782 2700 809 2754 τ
828 2699 854 2752 A
876 2671 1150 2768 Qinvenietus
1178 2696 1202 2753 A
1225 2671 1493 2784 rQ‘angulus
1520 2729 1534 2768 ,
1574 2698 1619 2768 at
1646 2673 1810 2786 proinde
1836 2673 1940 2754 illius
1969 2695 2071 2752 men·

780 2778 864 2868 sura
890 2783 1062 2892 (nempe
1077 2810 1185 2867 arcus
1214 2807 1238 2866 A
1255 2813 1283 2866 v
1299 2789 1317 2894 )
1342 2779 1581 2870 innotescet:
1616 2786 1693 2870 Sed
1710 2811 1849 2872 notum
1870 2787 1964 2870 esta
1979 2809 2073 2900 pun-

782 2899 927 2984 dumr
978 2901 1143 3006 ergo&
1173 2923 1202 2977 v
1238 2894 1316 2981 srve
1348 2899 1523 3012 quttsrtus
1554 2899 1733 2986 Cometa
1757 2904 1888 2987 Locus
1925 2897 1967 2979 in
1999 2897 2072 2980 Vis
2165 2927 2166 2950 ¹

782 3030 993 3204 apparente
1029 3006 1080 3090 ad
1109 3012 1280 3120 Tempus
1322 3011 1467 3095 darum.
1529 3013 1626 3097 Loci
1663 3041 1793 3101 autem
1827 3017 1938 3120 hujus
1987 3011 2074 3096 sttus

716 3209 719 3216 ,
783 3149 824 3207 re
839 3125 950 3232 pesiu
978 3121 1169 3232 Ecliptitae
1199 3125 1394 3208 invenitur
1410 3184 1423 3223 ‚
1457 3151 1505 3208 ex
1538 3127 1638 3210 datis
1668 3129 1707 3211 in
1734 3130 1927 3242 triangulo
1958 3155 1987 3210 u
2006 3151 2074 3207 xv

785 3234 1008 3345 redangulo
1036 3225 1087 3315 ad
1119 3264 1145 3316 x
1175 3240 1319 3346 angulo
1354 3265 1425 3320 vu
1443 3269 1469 3321 x
1495 3243 1535 3321 δι
1562 3241 1681 3326 latere
1717 3266 1747 3326 N
1767 3273 1836 3340 v,
1876 3240 2076 3326 invenien-

784 3347 839 3432 do
873 3372 901 3430 Ν
920 3378 945 3429 x
971 3348 1273 3459 Longitudinem
1304 3357 1480 3438 Comerae
1505 3353 1526 3435 i
1551 3353 1678 3440 Nodo
1695 3414 1709 3456 ‚
1735 3364 1775 3442 δι
1800 3383 1876 3443 xv
1909 3353 2078 3463 ejusdem
2164 3391 2165 3396 ¹

784 3461 1046 3547 Latitudinem
1068 3460 1163 3546 dato
1186 3467 1372 3576 Tempori
1409 3492 1719 3577 competentem,

668 3575 672 3582 ’
844 3577 954 3658 Loto
981 3570 1277 3660 Observationis'
1302 3580 1429 3691 primae
1459 3584 1498 3662 dt
1522 3577 1693 3665 secundae
1726 3609 1914 3698 poterunt
1938 3583 2079 3675 Obser-

787 3689 966 3782 vationes
987 3687 1169 3799 quaeiibet
1206 3691 1290 3775 duae
1320 3749 1334 3788 ,
1373 3719 1440 3776 aut
1470 3720 1601 3776 earum
1633 3697 1764 3810 aliqua
1786 3727 1871 3783 curn
1893 3703 2009 3787 Loco
2042 3711 2080 3786 δι

786 3811 982 3918 Tempore
1015 3802 1166 3912 Perigaei
1192 3799 1358 3913 superius
1394 3806 1563 3890 inventis
1600 3811 1639 3891 in
1678 3811 1750 3896 hac
1790 3817 1895 3924 praxi
1934 3815 2079 3900 assumi.
2163 3871 2164 3884 ι

789 3915 926 4027 'Atque
960 3916 1039 4001 hoc
1082 3912 1206 3999 modo
1244 3922 1422 4008 Cometae
1456 3922 1745 4038 Ephemerides·
1762 3923 1943 4014 fabricari
1970 3959 2081 4045 pote·

782 4053 890 4118 runt..

1238 4204 1661 4294 Scuourum

839 4366 885 4448 in
930 4391 983 4497 re·
1010 4387 1089 4452 tam
1127 4399 1262 4482 parum
1291 4393 1469 4462 accurata
1506 4377 1664 4462 sufficiet
1694 4373 1820 4464 forsan
1858 4385 1969 4470 Viam
2000 4391 2085 4474 Co·

787 4501 896 4561 metae
927 4506 1053 4590 primo
1087 4489 1303 4597 apparentis
1338 4490 1379 4572 in
1410 4485 1606 4601 superficie
1640 4493 1773 4577 Globi
1790 4501 1969 4586 Coelesiis
2003 4501 2084 4586 des-

779 4591 956 4689 cribere,
1003 4590 1158 4721 eiusque
1185 4603 1292 4686 Loca
1326 4601 1384 4690 ad
1409 4603 1572 4720 finguas
1609 4606 1765 4694 medias·
1794 4616 1946 4698 Noctes
1977 4616 2083 4700 habi·
2138 4599 2144 4616 ’

1927 4731 2081 4814 tationis
2161 4817 2162 4861 p
