4336 5692
127 697 132 706 ,
243 591 708 680 renouentur
745 539 1087 673 errarunt.
1127 599 1230 676 an.
1258 601 1312 714 r.
1395 615 1464 682 611

153 760 323 850 occupet
346 731 505 850 spatium
538 761 618 818 co
632 793 647 836 ‚
674 735 873 850 comptellr
897 763 993 823 vero
1020 735 1116 824 ficut
1154 765 1247 840 ro,
1289 765 1460 854 occupet
1510 809 1527 866 b
1599 810 1668 870 w

153 844 315 962 spatium
349 873 584 962 turparet
618 876 687 961 pet
712 849 1002 964 comprelitonis
1035 852 1148 937 Aeris
1185 855 1313 966 legem
1349 851 1460 968 supra
1473 817 1623 970 appr*
1662 849 1673 871 '

155 987 408 1051 memoratam
434 987 510 1046 oo
551 959 627 1047 elle
651 962 703 1046 ad
733 985 833 1060 uo,
864 965 944 1049 hoe
973 965 1049 1062 ell,
1091 965 1142 1049 ad
1170 993 1265 1065 nu,
1305 994 1349 1051 ut
1373 997 1471 1080 pon.

155 1075 228 1159 dus
254 1074 369 1160 Aeris
412 1075 669 1161 incumbentis
706 1101 855 1160 eozz
891 1076 942 1161 ad
977 1076 1133 1192 pondus
1174 1080 1291 1166 Aeris
1323 1084 1471 1166 incunt·

155 1187 285 1272 bentir
319 1216 490 1280 srzzs
514 1189 594 1274 hoc
621 1190 676 1272 est
701 1203 719 1290 (
745 1215 908 1302 propterw
937 1191 1105 1276 eandem
1144 1219 1263 1303 quam
1288 1189 1473 1306 supponi·

155 1307 240 1384 mus
271 1305 500 1413 gravitatem
526 1303 567 1385 in
600 1303 710 1385 omni
742 1303 920 1387 distantia
949 1303 971 1388 d
999 1305 1173 1414 centro)
1204 1331 1247 1390 ut
1276 1305 1353 1420 iple
1387 1309 1471 1393 Aer

156 1416 384 1500 incumbens
415 1441 528 1500 cuz
557 1439 585 1496 x
619 1414 670 1497 ad
702 1413 846 1501 Aerem
882 1416 1170 1502 incumbentem
1204 1445 1308 1502 ruz
1325 1445 1383 1518 x,
1430 1418 1470 1506 lt·

157 1556 212 1612 ve
237 1553 280 1611 ut
317 1527 438 1642 figura
476 1529 721 1612 interminata
766 1557 792 1611 c
812 1553 839 1610 o
860 1555 924 1611 zx
964 1529 1015 1612 ad
1048 1530 1334 1616 interminatam
1370 1533 1469 1642 figu-¹

155 1668 239 1726 ram
272 1666 448 1724 nuzx:
480 1639 560 1724 Sed
591 1641 671 1724 lraec
698 1642 752 1724 est
784 1643 929 1726 Curvae
968 1641 1262 1754 Logarit'hmicae
1293 1645 1468 1756 proprie·

154 1779 217 1839 tas
251 1755 474 1840 Geometris
505 1754 724 1844 notiffrmaa
758 1753 895 1838 Curva
929 1756 1047 1868 igitur
1078 1783 1107 1837 u
1126 1781 1197 1838 cx
1235 1755 1288 1840 est
1328 1758 1468 1842 Curva

153 1869 468 1981 Logarlthmica,
500 1855 630 1973 'cujus
651 1863 915 1980 'asymprotus
956 1871 1009 1949 est
1060 1895 1125 1950 uz
1168 1873 1283 1954 reda.
1342 1868 1467 1954 Unde

153 2009 227 2093 pet
257 1979 383 2063 Probl.
404 2005 485 2064 111.
502 1979 705 2091 Appeadr'c.
745 2004 784 2084 3.
819 1972 928 2058 Leti.
964 1974 1094 2060 Germ.
1127 2005 1181 2063 xl
1196 2007 1226 2064 1.
1257 1978 1465 2066 Barraw'ir

154 2093 319 2194 (dudit
359 2119 432 2176 co
449 2152 464 2193 ‚
482 2087 550 2202 'cg
572 2094 623 2176 ad
658 2119 719 2178 uz
744 2093 936 2206 parallelis
967 2117 1056 2176 cum
1090 2121 1119 2176 a
1149 2119 1171 2176 a
1203 2097 1466 2180 concurrenti·

153 2207 231 2292 bus
270 2207 312 2290 in
338 2235 367 2292 o
394 2211 435 2290 dt
465 2235 521 2316 g,
556 2206 575 2315 )
612 2231 679 2288 uo
720 2204 800 2289 srve
836 2229 910 2288 cu
938 2207 992 2288 est
1017 2205 1160 2292 eodem
1192 2207 1330 2292 ordine
1363 2209 1472 2293 inter

156 2345 234 2405 ns
269 2325 310 2404 δι
348 2347 418 2428 ug
452 2321 533 2404 srve
572 2319 632 2398 de
679 2320 808 2402 media
848 2319 1103 2404 Geontetn‘te
1134 2321 1470 2432 proportionalis,
1595 2377 1599 2384 ·

154 2432 707 2657 armantia
936 2431 1008 2624 tt

153 2665 217 2744 mi
243 2575 430 2744 rddaxum
465 2683 563 2757 utt,
599 2681 667 2740 oc
690 2664 730 2741 δι
761 2658 792 2738 d
802 2687 822 2740 c
845 2650 1067 2768 respedliue.
1125 2660 1238 2744 Datis
1254 2573 1391 2772 epgga,
1409 2684 1470 2761 u,

157 2771 254 2871 ud,
289 2798 354 2856 ur
393 2776 435 2855 dt
464 2797 492 2855 u
514 2797 563 2867 e,
602 2770 785 2854 facillime
821 2771 1041 2853 invenietur
1077 2773 1158 2871 cd,
1195 2799 1280 2884 quae
1314 2797 1356 2857 ut
1376 2771 1466 2858 hac·

156 2911 275 2974 tenus
300 2881 490 2972 ostensum
523 2879 765 2997 representat
794 2883 1050 2994 quantitatem
1090 2885 1205 2968 Aeris
1234 2885 1465 2998 comprelir,

190 3021 353 3086 uantum
382 2997 434 3084 ad
461 3001 588 3081 Terrae
615 2994 851 3108 luperfitiem
877 2995 944 3092 fit,
983 3023 1069 3107 quat
1091 2997 1132 3079 in
1163 2997 1383 3083 Altitudine
1404 2994 1476 3080 ud

203 3103 289 3226 pra
310 3116 468 3198 Terram
497 3107 535 3194 se
569 3107 770 3222 expandet
805 3111 846 3192 in
880 3104 1040 3218 spatium
1075 3109 1144 3221 ipsi
1178 3138 1248 3193 an
1280 3112 1438 3222 aequale
1449 3119 1467 3199 's

153 3221 671 3424 matarum
696 3223 859 3418 tur
890 3219 954 3416 lt
972 3222 1467 3419 ttlfftrtrutl

1098 3393 1112 3434 ‚
1450 3380 1467 3406 .

154 3454 289 3538 tentia
334 3365 675 3564 logatithmorum
706 3443 870 3559 ipsarum
914 3473 984 3528 nu
1018 3455 1057 3530 δι
1090 3449 1178 3528 cd:
1221 3451 1261 3530 δι
1299 3447 1470 3559 proinde

155 3565 263 3652 dato
290 3563 545 3678 Logaritlrmo
576 3561 689 3672 ipisus
719 3585 810 3678 nr,
842 3587 925 3644 non
951 3560 1091 3648 latebit
1120 3559 1391 3674 L'ogarithmus
1409 3562 1467 3672 ip

156 3679 238 3765 turs
262 3677 341 3775 cd,
372 3704 444 3761 nec
479 3669 555 3786 ipsa
590 3674 756 3788 proinde
786 3673 862 3753 cd.

156 3835 163 3844 ·
221 3792 283 3875 Sit
315 3815 392 3872 nr
430 3789 577 3902 pedum
620 3809 705 3888 335
735 3811 881 3899 quanta
911 3813 1051 3898 nempe
1088 3787 1141 3870 est
1177 3785 1360 3871 Altitudo
1400 3811 1468 3870 eo·

83 3935 87 3942 ’
157 3909 307 3994 lomna
334 3929 502 4016 aqueae,
540 3903 646 4006 cuius
675 3897 780 3983 idem
813 3901 868 3983 est
905 3903 1059 4014 pondus
1094 3927 1182 3985 curn
1212 3927 1320 4009 aque
1353 3898 1470 3983 ctalla·

158 4019 355 4106 columna
395 4014 509 4102 Aeris
552 4013 606 4100 ad
648 4007 922 4122 Annospltaetae
967 4008 1221 4096 summitatem
1260 4010 1471 4124 protensae

5 4191 7 4200 ,
125 4136 359 4242 ¹Cumque
388 4133 469 4216 Aer
503 4131 609 4233 juxta
657 4122 893 4236 fitpet'ficiem
939 4130 1066 4208 Terrae
1100 4119 1268 4235 spatium
1303 4147 1471 4235 occupet

158 4239 281 4360 quali
305 4259 389 4350 850
423 4243 580 4326 vicibus
604 4241 726 4342 majus
756 4262 878 4350 quam
910 4239 1030 4351 Aqua
1060 4235 1226 4342 ejusdem
1261 4239 1446 4350 ponderis
1454 4281 1470 4336 5
1542 4275 1547 4284 ·

159 4382 212 4448 ut
247 4355 522 4469 experimentis
554 4353 761 4437 innumeris
790 4351 973 4441 conllatr
996 4353 1188 4434 columna
1204 4351 1317 4436 Aeris
1351 4351 1471 4460 pedes

161 4491 260 4580 850
295 4471 375 4554 alta
405 4467 571 4572 eiusdem
602 4467 656 4552 eli
677 4467 860 4578 ponderis
891 4491 978 4548 oum
1009 4465 1119 4576 aeq'ue
1149 4460 1264 4548 cralla
1290 4465 1472 4547 columna
1643 4479 1646 4488 ⁴

157 4585 300 4700 Aqua
330 4582 474 4700 pedem
506 4609 627 4669 unum
643 4583 750 4666 alta.
804 4581 857 4666 Et
886 4601 1092 4692 propterea
1119 4574 1148 4659 st
1179 4573 1472 4772 ascendatuppp
