4336 5692
269 673 315 752 a
349 663 1134 748 cnontrnrra'rzrnrnrn
1170 671 1257 746 un.
1297 671 1337 748 V.
1408 685 1481 770 σι,

178 807 322 898 lendos
341 805 415 894 effe
431 809 499 919 qui
532 809 588 894 ob
606 807 763 891 nimiam
778 807 882 890 Solis
905 807 1086 890 viciniam
1108 807 1232 892 videri
1250 837 1450 922 nequeunt
1467 843 1480 906 t

178 924 221 1002 dt
255 949 304 1006 ex
338 926 458 1008 altera
516 951 619 1020 arte,
649 922 717 1032 qui
748 948 828 1004 non
857 917 942 1004 sunt
971 923 1075 1006 Soli·
1098 923 1209 1006 nituis
1248 924 1365 1008 vicini
1403 953 1483 1012 mea

179 1035 254 1118 iius
285 1037 325 1118 in
355 953 633 1122 Hemifhaeriu
652 1029 781 1120 versus
805 1034 937 1118 Solem
957 1037 1164 1134 videntur,
1197 1066 1315 1148 quarn
1344 1043 1411 1152 qui
1441 1043 1486 1124 iu·

179 1150 364 1260 opposito
399 1067 632 1243 verduture
668 1150 814 1264 quippe
845 1175 1012 1262 quorum
1048 1151 1177 1262 plures
1215 1149 1355 1238 fortius
1385 1150 1484 1239 illust

181 1284 344 1352 uantur.
1478 1292 1482 1302 “

518 1457 1062 1543 ιιιοιοιιτιο
1123 1455 1230 1542 vr..
1308 1395 1311 1402 ¹
1396 1519 1399 1526 ,

183 1636 329 1728 Cometa
363 1643 597 1754 Distrnrirm
635 1643 661 1728 ri
694 1641 777 1727 Sole
801 1677 847 1727 ex
883 1641 1151 1758 comparativae
1187 1639 1306 1731 Lucis
1341 1643 1494 1736 Cometa

236 1789 320 1844 cum
355 1757 459 1845 Luce
493 1763 654 1844 Planetae
678 1764 871 1853 adimere,

281 1956 365 2040 Um
412 1953 585 2042 Cometa
623 1953 815 2068 paraliaxi‘
851 1951 996 2036 diuma
1037 1973 1118 2036 non
1165 1954 1210 2040 fit
1257 1955 1491 2058 obnoxius}

296 2095 427 2182 neque
456 2071 551 2153 uliae·
581 2063 874 2155 observationes
903 2066 1009 2149 illinc
1038 2067 1255 2180 pendentes
1290 2075 1370 2174 ejus
1401 2068 1486 2156 Dis«

181 2188 343 2272 tantiam
375 2180 594 2296 patefacere
618 2180 787 2297 positure
816 2181 912 2266 libet
927 2181 1045 2286 hujua
1067 2182 1356 2268 aestimationem
1384 2182 1489 2270 facea

183 2328 225 2384 re
252 2325 301 2384 ex
341 2299 635 2410 comparatione
679 2298 792 2382 Lucis
822 2297 1001 2382 Cometae
1035 2323 1122 2379 cum
1161 2299 1266 2382 Luce
1304 2299 1494 2384 Planettr.¹

181 2414 234 2498 Et
271 2409 461 2523 quoniam
487 2409 506 2520 (
537 2439 610 2525 per
626 2411 743 2523 Prop.
777 2404 902 2496 uvtt.
934 2407 1021 2492 Lib.
1057 2433 1137 2493 111.
1170 2411 1190 2520 )
1219 2413 1498 2499 illustrationes·
1588 2481 1591 2486 ι

181 2525 223 2612 in
254 2521 464 2610 diversud
503 2526 598 2610 Sole
629 2523 816 2608 distantiis
849 2520 954 2608 fadae
986 2518 1071 2606 sunt
1102 2524 1143 2606 in
1182 2525 1380 2637 reciproca
1416 2527 1490 2628 dut,

182 2637 327 2753 plicata
351 2639 503 2722 ratione
525 2639 712 2723 dictarum
736 2637 1017 2732 distantiarum,
1049 2641 1089 2720 dt
1123 2667 1242 2750 porro
1281 2638 1299 2745 (
1329 2664 1495 2753 propter·

183 2754 354 2837 rationes
389 2752 431 2834 in
454 2735 564 2836 'dieta
598 2755 714 2862 Prop.
747 2751 933 2860 allatae)
967 2777 1050 2860 quo
1079 2751 1264 2836 remotius
1308 2753 1361 2836 est
1394 2755 1489 2838 Ιιιεί.Ι
1523 2759 1526 2764 ’
1655 2801 1657 2808 1

183 2867 279 2952 dum
306 2871 359 2950 ¹eu
391 2864 594 2979 pauciores
620 2861 716 2948 radii
744 2863 896 2950 abillo
924 2863 1200 2976 provenientes
1223 2865 1490 2980 Gc'ulipupilss

184 2981 267 3068 lam
299 2971 464 3064 subeunt
476 3037 489 3080 ‚
520 2980 642 3092 idque
672 2977 712 3061 in
749 2977 947 3091 duplicata
984 2979 1136 3064 ratione
1171 2977 1371 3062 Distantiae
1400 3006 1496 3064 auc·-

183 3121 261 3193 tae,
304 3089 384 3175 five
425 3092 466 3175 in
503 3091 699 3205 duplicata
732 3093 885 3177 ratione
930 3089 1107 3176 diametri
1146 3094 1232 3194 eiua
1269 3096 1495 3205 apparentis

184 3205 415 3294 diminutae
454 3206 532 3292 hoc
558 3205 645 3303 est,
669 3205 896 3290 lucidorum·
915 3205 1133 3316 aequalium,
1150 3201 1382 3318 splendores*
1405 3203 1498 3293 sunt·

184 3319 226 3406 in
251 3320 404 3406 tatione
427 3318 624 3430 duplicata
659 3317 944 3404 diametrorum.
965 3320 1503 3430 apparentium-eorundem·

184 3433 302 3548 igitur
332 3438 349 3534 (
379 3435 419 3518 in
454 3431 702 3518 aeffimarione
736 3433 807 3516 hac
840 3433 965 3516 minus
995 3457 1198 3529 accurata,
1232 3433 1491 3518 abstrahendo

184 3543 389 3634 {diversa
422 3544 689 3658 magnitudine
724 3571 819 3630 veta
857 3545 1023 3628 Pianetae
1067 3549 1108 3628 δι
1148 3549 1367 3656 Cometa)
1406 3549 1498 3634 Lux·

188 3663 366 3750 Cometa
397 3661 451 3745 est
484 3657 542 3744 ad·
570 3660 714 3742 Lucem
745 3660 912 3744 Pianetae
938 3660 977 3740 in
1010 3661 1164 3743 rarione
1194 3661 1408 3774 compofita
1442 3688 1500 3746 ext

187 3775 384 3889 duplicata
417 3773 568 3870 ratione
599 3773 788 3858 Diametti
805 3771 1025 3885 apparentis
1051 3773 1235 3858 Comere
1261 3775 1312 3859 ad
1335 3775 1491 3860 Diane-

187 3915 289 3975 trum
314 3915 563 4002 apparentem
604 3885 805 3982 planetae,
843 3893 884 3970 dt
917 3887 1069 3971 ratione
1105 3887 1303 4000 duplicata
1341 3889 1505 3974 Binan-2·

185 4003 251 4088 tiae
281 4004 444 4088 Planetae
477 3999 500 4086 d
535 3997 629 4084 Sole
669 3999 728 4081 ad·
757 3999 990 4082 Distantiam
1034 4003 1212 4085 Cometa
1237 3999 1288 4084 ab
1319 4001 1499 4086 eodemr

187 4120 238 4202 Et
260 4115 352 4201 ideo
374 4115 608 4228 quadratum
631 4113 828 4214 Distantiae
866 4118 1045 4199 Cometa
1074 4111 1101 4198 ri
1129 4115 1230 4200 Sole.
1252 4115 1305 4198 est
1332 4115 1384 4200 ad
1401 4140 1495 4228 qua·
1654 4213 1657 4220 ,
1696 4077 1712 4200 ,ι

131 4275 134 4284 ·
189 4231 345 4316 dratum
379 4227 579 4314 Distantiae
610 4228 777 4311 Planetae
807 4225 857 4309 ab
891 4226 1032 4310 eodem
1058 4227 1098 4310 in
1130 4229 1291 4315 ratione.
1310 4225 1528 4342 compost.

188 4369 229 4426 ta
261 4372 310 4428 ex
343 4339 539 4454 duplicata
573 4341 726 4424 ratione
757 4341 947 4424 Diametri
982 4340 1203 4452 apparentis
1234 4346 1413 4427 Cometa
1444 4339 1494 4430 ad

187 4459 432 4542 Diametrum
472 4477 722 4568 apparentem
769 4455 964 4550 Planetae,
1011 4459 1051 4536 dt
1085 4455 1243 4541 ratione.
1269 4456 1382 4544 Lucis
1417 4454 1495 4542 five

188 4566 404 4682 splendoris
435 4569 601 4653 Planetae
634 4567 686 4652 ad
722 4569 866 4652 Lucem
897 4569 1092 4651 Cometa.
1152 4569 1277 4656 Unde
1307 4570 1494 4656 Distantia

189 4685 369 4784 Cometa
397 4679 422 4770 ti
448 4683 551 4788 Sole¹
573 4680 626 4770 est
657 4681 711 4791 ad
737 4680 966 4774 Distanriam
992 4683 1158 4768 Planetae
1197 4683 1249 4770 ab
1272 4682 1425 4772 eodem
1454 4684 1494 4766 in

828 4895 833 4912 ⁵
940 4793 1069 4904 liba¹
1378 4795 1492 4884 ratio·
