4346 5676
163 625 167 630 .
685 553 709 640 ἱ
771 565 821 650 31
884 560 904 650 ]

153 663 279 766 secet,
307 661 449 754 autad
477 677 599 776 quarn·
628 661 674 749 fit
699 661 1041 775 perpendicularis,
1073 669 1171 757 linea
1196 681 1234 762 G
1263 677 1304 758 H
1338 680 1455 760 Hotae
1482 668 1642 762 ΜΨ·

154 783 290 886 sextae,
321 786 357 867 in
383 786 524 898 pundo
552 779 624 880 n,
656 781 764 896 quod
790 783 859 866 erit
887 810 1059 870 centrum
1082 792 1303 902 Horologii.
1481 753 1520 810 H‘
1541 750 1596 830 ἧς’
1612 765 1643 810 ¹⁶

215 925 261 998 20
291 909 348 986 Ex
368 906 508 1019 pundo
521 900 568 989 A
595 901 754 988 ducatur
772 901 870 990 linea
892 902 931 989 A
953 908 985 988 Β
1013 933 1150 1018 magna
1170 913 1218 996 ad
1243 909 1455 1010 arbitrium,

154 1021 218 1110 sed
243 1021 382 1110 faciens
410 1023 448 1106 in
472 1023 613 1133 pundo
637 1018 678 1108 A
704 1047 791 1104 cunt
818 1023 1029 1126 Meridiana
1061 1026 1185 1126 AC,
1220 1028 1400 1138 ¹angulum
1426 1035 1458 1114 B

156 1139 195 1226 A
225 1144 262 1226 C
293 1140 478 1253 aequalem
512 1137 698 1226 altitudini
725 1137 809 1225 Poli
835 1168 920 1252 quae
949 1143 1104 1254 cognita
1131 1140 1377 1257 supponiturr
1418 1151 1460 1230 dr

154 1289 203 1348 ex
233 1264 374 1369 pundo
405 1263 436 1341 B
464 1257 625 1346 ducatur
648 1257 747 1342 linea
777 1258 946 1372 BCad
977 1261 1227 1346 Meridianarn
1259 1263 1460 1373 perpendi-

153 1375 285 1461 cularis
301 1379 340 1458 in
366 1381 507 1488 pundo
534 1377 586 1460 C.
647 1376 763 1460 Linea
782 1379 813 1458 B
833 1379 872 1462 C
890 1378 961 1462 erit
977 1379 1093 1485 stylus
1118 1386 1267 1480 reolus,
1299 1384 1340 1462 &
1359 1379 1457 1464 linea

153 1492 246 1580 ΑΒ
269 1496 463 1606 produda'
480 1519 545 1578 aut
569 1524 648 1581 non
668 1494 854 1604 produda
878 1497 949 1582 en't
972 1497 1080 1597 axis,
1111 1496 1138 1580 fi
1165 1496 1393 1612 triangulum
1417 1499 1458 1582 A

153 1619 186 1700 B
211 1614 359 1725 C„ita
378 1615 558 1698 statuatur
585 1613 624 1697 in
649 1611 748 1700 linea
774 1615 986 1700 Meridiana
997 1673 1013 1713 ,
1044 1639 1088 1700 ut
1117 1617 1170 1700 ad
1194 1615 1353 1702 Planum
1373 1619 1458 1698 Ho-

154 1729 293 1843 tologii
318 1736 461 1816 redium
480 1727 535 1814 fit.
1516 1734 1520 1742 '

216 1867 274 1951 30·
307 1853 364 1936 Ex
388 1853 529 1961 pundo
551 1852 581 1932 B
602 1847 761 1934 ducatur
785 1851 884 1934 linea
905 1854 937 1932 B
957 1851 998 1933 D
1021 1849 1133 1935 ad'A
1155 1855 1186 1934 B
1208 1851 1470 1962 perpendicu·

154 1966 297 2050 latisin
322 1971 463 2078 pundo
489 1971 552 2066 B,
584 1970 657 2052 erit
677 1971 803 2078 queB
827 1971 867 2050 D
894 1965 1020 2050 radius
1041 1968 1337 2079 AEquinodialis.
1379 1971 1455 2050 Ita·

155 2109 232 2194 que
248 2089 317 2195 ‘per
331 2087 510 2197 pundum
531 2089 572 2170 D
593 2086 753 2172 ducatur
771 2083 1057 2197 AEquinodlialis
1074 2084 1175 2170 linea
1193 2089 1279 2171 KL
1297 2086 1348 2170 ad
1367 2087 1454 2168 Me·

152 2201 337 2286 ridianam
357 2201 671 2314 perpendicularis
695 2203 732 2285 in
752 2207 892 2313 pundo
913 2206 968 2288 D.

149 2324 153 2332 “
216 2335 281 2418 40'.
313 2317 573 2406 Transferatur
604 2320 777 2406 distantia
801 2326 832 2404 B
859 2323 900 2406 D
927 2317 1013 2404 aiD
1034 2321 1074 2404 in
1098 2323 1151 2420 E,
1197 2326 1250 2406 ita
1280 2346 1322 2405 ut
1351 2326 1391 2405 D
1419 2326 1452 2406 E
1478 2340 1646 2436 cunrat*

156 2438 201 2523 fit
237 2441 388 2552 aqualis
419 2437 486 2550 ipsr
527 2441 559 2524 Β
585 2440 656 2540 D,
697 2443 738 2521 δι
766 2444 946 2552 pundum
980 2443 1013 2522 E
1043 2443 1115 2524 en't
1156 2463 1326 2524 centrum
1355 2439 1453 2522 divi-
1479 2422 1517 2478 ¹¹·
1539 2422 1594 2499 ἧς·
1611 2438 1654 2484 ¹·'

155 2556 265 2640 stonis
294 2555 602 2668 AEquinodlialisr
635 2561 675 2642 dr
699 2559 877 2642 terminus
903 2555 926 2640 ai
949 2584 1028 2670 quo
1052 2557 1268 2642 inchoanda
1298 2558 1369 2640 etit
1396 2557 1455 2640 di-

155 2671 249 2758 visio
275 2675 380 2762 lineae
407 2675 686 2787 AEquinoetialis
712 2676 750 2758 in
778 2675 991 2788 quindenos
1010 2674 1149 2788 gradus
1176 2677 1246 2760 erit
1274 2677 1455 2785 pundum

157 2795 210 2877 D.
272 2789 374 2878 Turr't
395 2821 489 2876 vero
510 2823 559 2877 ex
586 2785 718 2876 ce'ntro
746 2793 792 2878 A*
805 2793 1012 2906 Horologii
1037 2789 1224 2878 ducantur
1244 2818 1312 2904 pet
1340 2819 1457 2904 punc-

158 2937 197 2994 ta
224 2910 450 2995 divifionum
485 2911 768 3023 AEquinodlialis
794 2912 904 2994 lineae
929 2917 1124 2994 Horarum
1158 2911 1267 3025 quod
1295 2907 1458 3023 inspedla

157 3030 290 3141 Figura
320 3024 402 3112 satis
424 3057 492 3138 per
516 3025 553 3111 le
578 3026 749 3112 docebit.
811 3028 942 3111 Debet
957 3026 1009 3123 ,in
1033 3033 1123 3112 Hoc
1150 3026 1372 3139 Horologio
1391 3056 1474 3111 ex··

156 3147 322 3232 ttentitas
340 3149 419 3231 axis
445 3143 624 3258 respicere
648 3145 785 3232 Poltun
800 3148 980 3228 Boreum.

758 3340 777 3417 Ι
806 3338 858 3428 V,
982 3421 987 3432 ,

218 3531 459 3648 Horologium
476 3541 517 3616 in
543 3525 664 3616 Plano
688 3532 883 3614 Verticalis
904 3479 1090 3612 Primarii
1103 3529 1167 3612 'ad
1184 3467 1414 3610 Meridt'rm·

398 3722 401 3728 .
513 3653 649 3735 diune
677 3647 862 3758 obvcrfitm
892 3647 1095 3757 destribere.

163 3853 170 3868 “
226 3871 285 3940 10.
316 3853 491 3936 Ducarur
509 3851 561 3936 ad
579 3829 890 3962 perpendiculum
902 3839 1098 3928 lineaAE
1118 3835 1330 3924 Meridiana
1346 3823 1461 3952 quarn
1489 3858 1543 3939 ng.
1567 3877 1615 3916 2.·

164 3969 215 4056 ad
239 3971 400 4083 angulos
420 3979 541 4057 radios
570 3968 669 4054 secet
688 3968 739 4051 ad
758 3963 924 4049 libellam
950 3960 1061 4049 duna
1084 3963 1183 4044 linea
1203 3938 1462 4084 Hotiybnta‘lis

164 4097 203 4176 H
227 4100 246 4178 1
269 4091 307 4172 in
328 4097 467 4202 pundo
492 4094 557 4188 C,
589 4088 699 4201 quod
720 4085 790 4171 erit
813 4083 884 4167 Pes
911 4081 1010 4192 styli.
1037 4187 1038 4194 Ν
1083 4197 1086 4202 4
1360 4095 1363 4100 ⁴
1532 4081 1537 4092 '

226 4229 285 4302 20·
318 4211 490 4294 Sumatur
510 4211 548 4292 in
571 4209 671 4293 linea
698 4201 940 4290 Horizontali
963 4227 1012 4284 ex
1042 4195 1147 4282 Pede
1168 4195 1252 4308 styli
1278 4197 1346 4293 C,
1377 4219 1463 4304 pars

164 4333 204 4415 C
229 4335 261 4414 B
285 4353 426 4440 quanta
446 4328 629 4424 libuerit,
660 4329 753 4410 Haec
778 4325 849 4406 erit
871 4318 1085 4433 longitudo.
1098 4313 1161 4400 seu
1189 4314 1352 4402 altitudo
1378 4311 1462 4422 styli

165 4448 267 4534 redii.
747 4455 750 4464 “

226 4586 286 4675 3⁹.
318 4569 362 4652 In
385 4574 475 4652 Hoc
492 4567 631 4681 potuero
651 4569 683 4649 B
705 4496 1016 4728 fiat-mgulutc
1040 4559 1071 4642 B
1093 4553 1144 4642 A·
1158 4555 1311 4668 aequalis·
1333 4523 1479 4750 augg-i.
