<?xml version="1.0" encoding="UTF-8"?>
<!DOCTYPE html PUBLIC "-//W3C//DTD XHTML 1.0 Transitional//EN"
    "http://www.w3.org/TR/xhtml1/DTD/xhtml1-transitional.dtd">
<html xmlns="http://www.w3.org/1999/xhtml" xml:lang="en" lang="en">
 <head>
  <title>
</title>
<meta http-equiv="Content-Type" content="text/html;charset=utf-8" />
  <meta name='ocr-system' content='tesseract 3.04.00' />
  <meta name='ocr-capabilities' content='ocr_page ocr_carea ocr_par ocr_line ocrx_word'/>
</head>
<body>
  <div class='ocr_page' id='page_1' title='image "./davidisgregorii00huargoog_0051.png"; bbox 0 0 4420 5692; ppageno 0'>
   <div class='ocr_carea' id='block_1_1' title="bbox 647 535 1827 696">
    <p class='ocr_par' dir='ltr' id='par_1_1' title="bbox 647 535 1827 696">
     <span class='ocr_line' id='line_1_1' title="bbox 647 535 1827 696; baseline 0.001 -22"><span class='ocrx_word' id='word_1_1' title='bbox 647 535 649 542; x_wconf 28' lang='grc' dir='ltr'>Ι</span> <span class='ocrx_word' id='word_1_2' title='bbox 689 613 761 696; x_wconf 85' lang='lat'>462</span> <span class='ocrx_word' id='word_1_3' title='bbox 910 593 1435 674; x_wconf 67' lang='lat' dir='ltr'>ASTR&#39;ONOMIAE</span> <span class='ocrx_word' id='word_1_4' title='bbox 1482 595 1827 675; x_wconf 75' lang='lat' dir='ltr'>PHYSICAE&#39;</span> 
     </span>
    </p>
   </div>
   <div class='ocr_carea' id='block_1_2' title="bbox 493 717 2165 4703">
    <p class='ocr_par' dir='ltr' id='par_1_2' title="bbox 493 717 2165 4703">
     <span class='ocr_line' id='line_1_2' title="bbox 493 717 2007 856; baseline 0.003 -46"><span class='ocrx_word' id='word_1_5' title='bbox 493 717 556 852; x_wconf 49' lang='lat'>21²⁵·</span> <span class='ocrx_word' id='word_1_6' title='bbox 566 721 670 856; x_wconf 52' lang='lat' dir='ltr'>&#39;‘ig&#39;&#39;</span> <span class='ocrx_word' id='word_1_7' title='bbox 690 726 801 811; x_wconf 89' lang='lat' dir='ltr'>telles</span> <span class='ocrx_word' id='word_1_8' title='bbox 833 751 902 835; x_wconf 87' lang='lat' dir='ltr'>per</span> <span class='ocrx_word' id='word_1_9' title='bbox 925 725 1113 838; x_wconf 88' lang='lat' dir='ltr'>integram</span> <span class='ocrx_word' id='word_1_10' title='bbox 1141 726 1433 812; x_wconf 87' lang='lat' dir='ltr'>revolutionem</span> <span class='ocrx_word' id='word_1_11' title='bbox 1454 721 1526 810; x_wconf 80' lang='lat' dir='ltr'>hdo</span> <span class='ocrx_word' id='word_1_12' title='bbox 1567 729 1620 810; x_wconf 93' lang='lat' dir='ltr'>Vi</span> <span class='ocrx_word' id='word_1_13' title='bbox 1661 725 1808 811; x_wconf 77' lang='lat' dir='ltr'>refidud</span> <span class='ocrx_word' id='word_1_14' title='bbox 1841 725 1891 812; x_wconf 90' lang='lat' dir='ltr'>ad</span> <span class='ocrx_word' id='word_1_15' title='bbox 1914 755 2007 814; x_wconf 85' lang='lat' dir='ltr'>cen·</span> 
     </span>
     <span class='ocr_line' id='line_1_3' title="bbox 521 811 2009 952; baseline -0.002 -26"><span class='ocrx_word' id='word_1_16' title='bbox 521 816 579 876; x_wconf 55' lang='grc' dir='ltr'>Η</span> <span class='ocrx_word' id='word_1_17' title='bbox 651 811 791 926; x_wconf 74' lang='lat' dir='ltr'>4&#39;trum</span> <span class='ocrx_word' id='word_1_18' title='bbox 829 841 1113 952; x_wconf 80' lang='lat' dir='ltr'>impelleretur,</span> <span class='ocrx_word' id='word_1_19' title='bbox 1145 842 1294 924; x_wconf 86' lang='lat' dir='ltr'>Orbem</span> <span class='ocrx_word' id='word_1_20' title='bbox 1318 838 1550 924; x_wconf 82' lang='lat' dir='ltr'>describeret</span> <span class='ocrx_word' id='word_1_21' title='bbox 1578 843 1706 952; x_wconf 82' lang='lat' dir='ltr'>magis</span> <span class='ocrx_word' id='word_1_22' title='bbox 1733 845 2009 926; x_wconf 87' lang='lat' dir='ltr'>Excentricum</span> 
     </span>
     <span class='ocr_line' id='line_1_4' title="bbox 691 949 2008 1068; baseline -0.001 -30"><span class='ocrx_word' id='word_1_23' title='bbox 691 983 809 1068; x_wconf 85' lang='lat' dir='ltr'>quarn</span> <span class='ocrx_word' id='word_1_24' title='bbox 837 955 891 1036; x_wconf 90' lang='lat' dir='ltr'>est</span> <span class='ocrx_word' id='word_1_25' title='bbox 914 954 980 1037; x_wconf 93' lang='lat' dir='ltr'>ille</span> <span class='ocrx_word' id='word_1_26' title='bbox 1014 984 1132 1066; x_wconf 90' lang='lat' dir='ltr'>quem</span> <span class='ocrx_word' id='word_1_27' title='bbox 1149 951 1404 1068; x_wconf 83' lang='lat' dir='ltr'>describeret,</span> <span class='ocrx_word' id='word_1_28' title='bbox 1435 956 1472 1038; x_wconf 64' lang='lat' dir='ltr'>st*</span> <span class='ocrx_word' id='word_1_29' title='bbox 1488 949 1570 1039; x_wconf 66' lang='lat' dir='ltr'>sols</span> <span class='ocrx_word' id='word_1_30' title='bbox 1592 958 1648 1038; x_wconf 92' lang='lat' dir='ltr'>Vi</span> <span class='ocrx_word' id='word_1_31' title='bbox 1673 959 1889 1040; x_wconf 78' lang='lat' dir='ltr'>attratttice</span> <span class='ocrx_word' id='word_1_32' title='bbox 1922 983 2008 1040; x_wconf 84' lang='lat' dir='ltr'>cor·</span> 
     </span>
     <span class='ocr_line' id='line_1_5' title="bbox 694 1069 2043 1184; baseline -0.006 -30"><span class='ocrx_word' id='word_1_33' title='bbox 694 1074 798 1184; x_wconf 88' lang='lat' dir='ltr'>poris</span> <span class='ocrx_word' id='word_1_34' title='bbox 841 1098 868 1152; x_wconf 82' lang='lat' dir='ltr'>r</span> <span class='ocrx_word' id='word_1_35' title='bbox 906 1097 1129 1181; x_wconf 77' lang='lat' dir='ltr'>urgereturr</span> <span class='ocrx_word' id='word_1_36' title='bbox 1157 1075 1197 1153; x_wconf 82' lang='lat' dir='ltr'>dc</span> <span class='ocrx_word' id='word_1_37' title='bbox 1232 1069 1397 1182; x_wconf 89' lang='lat' dir='ltr'>proinde</span> <span class='ocrx_word' id='word_1_38' title='bbox 1436 1069 1563 1152; x_wconf 91' lang='lat' dir='ltr'>multo</span> <span class='ocrx_word' id='word_1_39' title='bbox 1589 1073 1709 1180; x_wconf 84' lang='lat' dir='ltr'>magis</span> <span class='ocrx_word' id='word_1_40' title='bbox 1737 1073 2007 1154; x_wconf 82' lang='lat' dir='ltr'>Exeentricum</span> <span class='ocrx_word' id='word_1_41' title='bbox 2039 1137 2043 1146; x_wconf 79' lang='grc'><strong><em>,</em></strong></span> 
     </span>
     <span class='ocr_line' id='line_1_6' title="bbox 698 1176 2009 1298; baseline -0.002 -30"><span class='ocrx_word' id='word_1_42' title='bbox 698 1213 816 1297; x_wconf 89' lang='lat' dir='ltr'>quam</span> <span class='ocrx_word' id='word_1_43' title='bbox 849 1176 991 1268; x_wconf 59' lang='lat' dir='ltr'>est&#39;ille</span> <span class='ocrx_word' id='word_1_44' title='bbox 1025 1213 1143 1298; x_wconf 91' lang='lat' dir='ltr'>quem</span> <span class='ocrx_word' id='word_1_45' title='bbox 1168 1179 1442 1281; x_wconf 76' lang='lat' dir='ltr'>describeret,</span> <span class='ocrx_word' id='word_1_46' title='bbox 1469 1183 1495 1266; x_wconf 85' lang='lat' dir='ltr'>st</span> <span class='ocrx_word' id='word_1_47' title='bbox 1531 1181 1578 1268; x_wconf 79' lang='lat' dir='ltr'>ed</span> <span class='ocrx_word' id='word_1_48' title='bbox 1621 1187 1670 1267; x_wconf 89' lang='lat' dir='ltr'>Vi</span> <span class='ocrx_word' id='word_1_49' title='bbox 1703 1183 1915 1298; x_wconf 73' lang='lat' dir='ltr'>tentripettl</span> <span class='ocrx_word' id='word_1_50' title='bbox 1948 1211 2009 1265; x_wconf 88' lang='lat' dir='ltr'>ur·</span> 
     </span>
     <span class='ocr_line' id='line_1_7' title="bbox 697 1295 2015 1410; baseline -0.002 -30"><span class='ocrx_word' id='word_1_51' title='bbox 697 1325 852 1410; x_wconf 87' lang='lat' dir='ltr'>geretur</span> <span class='ocrx_word' id='word_1_52' title='bbox 893 1297 971 1408; x_wconf 76' lang='lat' dir='ltr'>qud</span> <span class='ocrx_word' id='word_1_53' title='bbox 1030 1302 1071 1382; x_wconf 93' lang='lat' dir='ltr'>in</span> <span class='ocrx_word' id='word_1_54' title='bbox 1120 1299 1367 1408; x_wconf 78' lang='lat' dir='ltr'>Qadratura</span> <span class='ocrx_word' id='word_1_55' title='bbox 1401 1295 1451 1380; x_wconf 90' lang='lat' dir='ltr'>ad</span> <span class='ocrx_word' id='word_1_56' title='bbox 1492 1323 1516 1378; x_wconf 91' lang='lat' dir='ltr'>c</span> <span class='ocrx_word' id='word_1_57' title='bbox 1553 1298 1787 1410; x_wconf 82' lang='lat' dir='ltr'>urgebatur:</span> <span class='ocrx_word' id='word_1_58' title='bbox 1823 1297 1944 1382; x_wconf 89' lang='lat' dir='ltr'>Unde</span> <span class='ocrx_word' id='word_1_59' title='bbox 1969 1297 2015 1378; x_wconf 86' lang='lat' dir='ltr'>in.</span> 
     </span>
     <span class='ocr_line' id='line_1_8' title="bbox 643 1409 2013 1525; baseline -0.004 -29"><span class='ocrx_word' id='word_1_60' title='bbox 643 1477 653 1496; x_wconf 92' lang='lat'><strong>.</strong></span> <span class='ocrx_word' id='word_1_61' title='bbox 699 1415 956 1497; x_wconf 79' lang='lat' dir='ltr'>revolutionis</span> <span class='ocrx_word' id='word_1_62' title='bbox 982 1409 1052 1496; x_wconf 87' lang='lat' dir='ltr'>suae</span> <span class='ocrx_word' id='word_1_63' title='bbox 1081 1439 1188 1525; x_wconf 91' lang='lat' dir='ltr'>parte</span> <span class='ocrx_word' id='word_1_64' title='bbox 1213 1411 1373 1525; x_wconf 90' lang='lat' dir='ltr'>quando</span> <span class='ocrx_word' id='word_1_65' title='bbox 1399 1413 1469 1492; x_wconf 88' lang='lat' dir='ltr'>Vis</span> <span class='ocrx_word' id='word_1_66' title='bbox 1500 1435 1680 1495; x_wconf 89' lang='lat' dir='ltr'>extranea</span> <span class='ocrx_word' id='word_1_67' title='bbox 1706 1435 1784 1494; x_wconf 78' lang='lat' dir='ltr'>uu</span> <span class='ocrx_word' id='word_1_68' title='bbox 1818 1413 1872 1494; x_wconf 91' lang='lat' dir='ltr'>est</span> <span class='ocrx_word' id='word_1_69' title='bbox 1896 1411 2013 1493; x_wconf 87' lang='lat' dir='ltr'>maxi·</span> 
     </span>
     <span class='ocr_line' id='line_1_9' title="bbox 701 1523 2017 1642; baseline -0.003 -32"><span class='ocrx_word' id='word_1_70' title='bbox 701 1555 765 1610; x_wconf 89' lang='lat' dir='ltr'>ma</span> <span class='ocrx_word' id='word_1_71' title='bbox 807 1531 826 1626; x_wconf 90' lang='lat'><em>(</em></span> <span class='ocrx_word' id='word_1_72' title='bbox 858 1527 935 1609; x_wconf 88' lang='lat' dir='ltr'>hoc</span> <span class='ocrx_word' id='word_1_73' title='bbox 981 1529 1064 1642; x_wconf 68' lang='lat' dir='ltr'>est,</span> <span class='ocrx_word' id='word_1_74' title='bbox 1108 1531 1148 1608; x_wconf 94' lang='lat' dir='ltr'>in</span> <span class='ocrx_word' id='word_1_75' title='bbox 1190 1527 1364 1638; x_wconf 87' lang='lat' dir='ltr'>Syzygiis</span> <span class='ocrx_word' id='word_1_76' title='bbox 1401 1526 1419 1635; x_wconf 92' lang='lat'><em>)</em></span> <span class='ocrx_word' id='word_1_77' title='bbox 1459 1526 1623 1609; x_wconf 87' lang='lat' dir='ltr'>Satelles</span> <span class='ocrx_word' id='word_1_78' title='bbox 1660 1523 1839 1608; x_wconf 86' lang='lat' dir='ltr'>describit</span> <span class='ocrx_word' id='word_1_79' title='bbox 1864 1549 2017 1637; x_wconf 88' lang='lat' dir='ltr'>partem</span> 
     </span>
     <span class='ocr_line' id='line_1_10' title="bbox 618 1638 2018 1754; baseline -0.003 -31"><span class='ocrx_word' id='word_1_80' title='bbox 618 1740 625 1754; x_wconf 34' lang='grc'><strong>,</strong></span> <span class='ocrx_word' id='word_1_81' title='bbox 705 1639 822 1723; x_wconf 89' lang='lat' dir='ltr'>Orbis</span> <span class='ocrx_word' id='word_1_82' title='bbox 842 1642 963 1750; x_wconf 85' lang='lat' dir='ltr'>magis</span> <span class='ocrx_word' id='word_1_83' title='bbox 995 1641 1210 1723; x_wconf 86' lang='lat' dir='ltr'>Excentrici</span> <span class='ocrx_word' id='word_1_84' title='bbox 1237 1667 1353 1750; x_wconf 91' lang='lat' dir='ltr'>quarn</span> <span class='ocrx_word' id='word_1_85' title='bbox 1382 1669 1469 1722; x_wconf 90' lang='lat' dir='ltr'>cum</span> <span class='ocrx_word' id='word_1_86' title='bbox 1490 1639 1557 1722; x_wconf 91' lang='lat' dir='ltr'>ille</span> <span class='ocrx_word' id='word_1_87' title='bbox 1585 1643 1624 1722; x_wconf 92' lang='lat' dir='ltr'>in</span> <span class='ocrx_word' id='word_1_88' title='bbox 1656 1638 1912 1746; x_wconf 81' lang='lat' dir='ltr'>Qadraturis</span> <span class='ocrx_word' id='word_1_89' title='bbox 1929 1665 2018 1720; x_wconf 88' lang='lat' dir='ltr'>ver-</span> 
     </span>
     <span class='ocr_line' id='line_1_11' title="bbox 706 1750 2013 1864; baseline -0.004 -27"><span class='ocrx_word' id='word_1_90' title='bbox 706 1750 833 1842; x_wconf 81' lang='lat' dir='ltr'>saturr</span> <span class='ocrx_word' id='word_1_91' title='bbox 869 1751 948 1836; x_wconf 83' lang='lat' dir='ltr'>live</span> <span class='ocrx_word' id='word_1_92' title='bbox 977 1755 1095 1838; x_wconf 87' lang='lat' dir='ltr'>Orbis</span> <span class='ocrx_word' id='word_1_93' title='bbox 1127 1751 1349 1839; x_wconf 80' lang='lat' dir='ltr'>dSatellite</span> <span class='ocrx_word' id='word_1_94' title='bbox 1378 1752 1554 1864; x_wconf 86' lang='lat' dir='ltr'>descripti</span> <span class='ocrx_word' id='word_1_95' title='bbox 1587 1755 1864 1838; x_wconf 86' lang='lat' dir='ltr'>Excentricitas</span> <span class='ocrx_word' id='word_1_96' title='bbox 1892 1753 2013 1855; x_wconf 76' lang='lat' dir='ltr'>maior</span> 
     </span>
     <span class='ocr_line' id='line_1_12' title="bbox 709 1863 2016 1979; baseline -0.005 -25"><span class='ocrx_word' id='word_1_97' title='bbox 709 1871 763 1954; x_wconf 88' lang='lat' dir='ltr'>est</span> <span class='ocrx_word' id='word_1_98' title='bbox 791 1865 886 1950; x_wconf 84' lang='lat' dir='ltr'>dtrm</span> <span class='ocrx_word' id='word_1_99' title='bbox 921 1869 1085 1952; x_wconf 85' lang='lat' dir='ltr'>Satelles</span> <span class='ocrx_word' id='word_1_100' title='bbox 1129 1870 1170 1950; x_wconf 89' lang='lat' dir='ltr'>iu</span> <span class='ocrx_word' id='word_1_101' title='bbox 1213 1868 1393 1979; x_wconf 86' lang='lat' dir='ltr'>Syzygiis</span> <span class='ocrx_word' id='word_1_102' title='bbox 1428 1863 1629 1970; x_wconf 83' lang='lat' dir='ltr'>uersatur,</span> <span class='ocrx_word' id='word_1_103' title='bbox 1683 1868 1809 1952; x_wconf 86' lang='lat' dir='ltr'>minor</span> <span class='ocrx_word' id='word_1_104' title='bbox 1843 1865 1936 1949; x_wconf 89' lang='lat' dir='ltr'>dum</span> <span class='ocrx_word' id='word_1_105' title='bbox 1976 1865 2016 1947; x_wconf 92' lang='lat' dir='ltr'>in</span> 
     </span>
     <span class='ocr_line' id='line_1_13' title="bbox 655 1982 2082 2086; baseline 0.001 -21"><span class='ocrx_word' id='word_1_106' title='bbox 655 2017 661 2032; x_wconf 47' lang='lat' dir='ltr'>r</span> <span class='ocrx_word' id='word_1_107' title='bbox 711 1982 981 2086; x_wconf 86' lang='lat' dir='ltr'>Quadraturis.</span> <span class='ocrx_word' id='word_1_108' title='bbox 1204 2013 1206 2016; x_wconf 87' lang='lat'>·</span> <span class='ocrx_word' id='word_1_109' title='bbox 2078 2001 2082 2008; x_wconf 86' lang='lat'>&#39;</span> 
     </span>
     <span class='ocr_line' id='line_1_14' title="bbox 768 2094 2024 2209; baseline -0.006 -29"><span class='ocrx_word' id='word_1_110' title='bbox 768 2101 917 2194; x_wconf 88' lang='lat' dir='ltr'>Porto,</span> <span class='ocrx_word' id='word_1_111' title='bbox 950 2095 1139 2209; x_wconf 84' lang='lat' dir='ltr'>quoniam</span> <span class='ocrx_word' id='word_1_112' title='bbox 1163 2097 1231 2181; x_wconf 87' lang='lat' dir='ltr'>Vis</span> <span class='ocrx_word' id='word_1_113' title='bbox 1261 2125 1445 2182; x_wconf 88' lang='lat' dir='ltr'>extranea</span> <span class='ocrx_word' id='word_1_114' title='bbox 1469 2097 1646 2184; x_wconf 83' lang='lat' dir='ltr'>addititia</span> <span class='ocrx_word' id='word_1_115' title='bbox 1676 2121 1720 2182; x_wconf 93' lang='lat' dir='ltr'>ut</span> <span class='ocrx_word' id='word_1_116' title='bbox 1750 2121 1775 2178; x_wconf 79' lang='lat' dir='ltr'>a</span> <span class='ocrx_word' id='word_1_117' title='bbox 1806 2119 1837 2178; x_wconf 86' lang='lat' dir='ltr'>u</span> <span class='ocrx_word' id='word_1_118' title='bbox 1856 2094 2024 2180; x_wconf 83' lang='lat' dir='ltr'>maxima.</span> 
     </span>
     <span class='ocr_line' id='line_1_15' title="bbox 660 2207 2020 2316; baseline -0.007 -18"><span class='ocrx_word' id='word_1_119' title='bbox 660 2235 662 2244; x_wconf 78' lang='grc'>’</span> <span class='ocrx_word' id='word_1_120' title='bbox 714 2213 790 2310; x_wconf 87' lang='lat' dir='ltr'>est,</span> <span class='ocrx_word' id='word_1_121' title='bbox 825 2215 864 2293; x_wconf 78' lang='grc' dir='ltr'>δι</span> <span class='ocrx_word' id='word_1_122' title='bbox 897 2213 964 2294; x_wconf 87' lang='lat' dir='ltr'>Vis</span> <span class='ocrx_word' id='word_1_123' title='bbox 1006 2237 1035 2292; x_wconf 87' lang='lat' dir='ltr'>u</span> <span class='ocrx_word' id='word_1_124' title='bbox 1057 2234 1085 2291; x_wconf 83' lang='lat' dir='ltr'>ru</span> <span class='ocrx_word' id='word_1_125' title='bbox 1132 2212 1287 2316; x_wconf 84' lang='lat' dir='ltr'>minima</span> <span class='ocrx_word' id='word_1_126' title='bbox 1320 2207 1383 2295; x_wconf 94' lang='lat' dir='ltr'>seu</span> <span class='ocrx_word' id='word_1_127' title='bbox 1422 2215 1527 2296; x_wconf 93' lang='lat' dir='ltr'>nulla</span> <span class='ocrx_word' id='word_1_128' title='bbox 1562 2211 1738 2296; x_wconf 87' lang='lat' dir='ltr'>Satellite</span> <span class='ocrx_word' id='word_1_129' title='bbox 1769 2209 1810 2292; x_wconf 93' lang='lat' dir='ltr'>in</span> <span class='ocrx_word' id='word_1_130' title='bbox 1845 2208 2020 2316; x_wconf 83' lang='lat' dir='ltr'>Qtadra·</span> 
     </span>
     <span class='ocr_line' id='line_1_16' title="bbox 714 2319 2021 2436; baseline -0.006 -24"><span class='ocrx_word' id='word_1_131' title='bbox 714 2327 808 2412; x_wconf 84' lang='lat' dir='ltr'>turis</span> <span class='ocrx_word' id='word_1_132' title='bbox 841 2319 1049 2416; x_wconf 81' lang='lat' dir='ltr'>versante,</span> <span class='ocrx_word' id='word_1_133' title='bbox 1086 2323 1154 2407; x_wconf 89' lang='lat' dir='ltr'>Vis</span> <span class='ocrx_word' id='word_1_134' title='bbox 1187 2329 1354 2408; x_wconf 90' lang='lat' dir='ltr'>conflata</span> <span class='ocrx_word' id='word_1_135' title='bbox 1389 2353 1437 2409; x_wconf 88' lang='lat' dir='ltr'>ex</span> <span class='ocrx_word' id='word_1_136' title='bbox 1472 2328 1544 2410; x_wconf 85' lang='lat' dir='ltr'>hac</span> <span class='ocrx_word' id='word_1_137' title='bbox 1570 2331 1610 2408; x_wconf 72' lang='grc' dir='ltr'>δι</span> <span class='ocrx_word' id='word_1_138' title='bbox 1650 2326 1811 2436; x_wconf 60' lang='lat' dir='ltr'>Vi„qua</span> <span class='ocrx_word' id='word_1_139' title='bbox 1846 2351 1874 2406; x_wconf 86' lang='grc' dir='ltr'><strong>τ</strong></span> <span class='ocrx_word' id='word_1_140' title='bbox 1904 2320 2021 2406; x_wconf 89' lang='lat' dir='ltr'>trahit</span> 
     </span>
     <span class='ocr_line' id='line_1_17' title="bbox 716 2435 2028 2550; baseline -0.005 -27"><span class='ocrx_word' id='word_1_141' title='bbox 716 2467 743 2523; x_wconf 79' lang='lat' dir='ltr'>L</span> <span class='ocrx_word' id='word_1_142' title='bbox 781 2440 834 2522; x_wconf 92' lang='lat' dir='ltr'>est</span> <span class='ocrx_word' id='word_1_143' title='bbox 863 2439 880 2548; x_wconf 90' lang='lat'>(</span> <span class='ocrx_word' id='word_1_144' title='bbox 910 2439 1053 2521; x_wconf 73' lang='lat' dir='ltr'>caeteris</span> <span class='ocrx_word' id='word_1_145' title='bbox 1079 2437 1233 2550; x_wconf 87' lang='lat' dir='ltr'>paribus</span> <span class='ocrx_word' id='word_1_146' title='bbox 1263 2441 1282 2548; x_wconf 92' lang='lat'><em>)</em></span> <span class='ocrx_word' id='word_1_147' title='bbox 1315 2443 1509 2538; x_wconf 89' lang='lat' dir='ltr'>maxima,</span> <span class='ocrx_word' id='word_1_148' title='bbox 1550 2437 1795 2550; x_wconf 86' lang='lat' dir='ltr'>maximeque</span> <span class='ocrx_word' id='word_1_149' title='bbox 1823 2435 1967 2522; x_wconf 88' lang='lat' dir='ltr'>recedit</span> <span class='ocrx_word' id='word_1_150' title='bbox 1998 2435 2028 2518; x_wconf 71' lang='lat' dir='ltr'>b·</span> 
     </span>
     <span class='ocr_line' id='line_1_18' title="bbox 718 2545 2020 2665; baseline -0.004 -28"><span class='ocrx_word' id='word_1_151' title='bbox 718 2553 917 2665; x_wconf 86' lang='lat' dir='ltr'>reciproca</span> <span class='ocrx_word' id='word_1_152' title='bbox 945 2551 1463 2662; x_wconf 73' lang='lat' dir='ltr'>duplicatadistantiarumr</span> <span class='ocrx_word' id='word_1_153' title='bbox 1494 2552 1676 2663; x_wconf 87' lang='lat' dir='ltr'>adeoque</span> <span class='ocrx_word' id='word_1_154' title='bbox 1712 2551 1751 2632; x_wconf 95' lang='lat' dir='ltr'>in</span> <span class='ocrx_word' id='word_1_155' title='bbox 1791 2551 1869 2636; x_wconf 87' lang='lat' dir='ltr'>boc</span> <span class='ocrx_word' id='word_1_156' title='bbox 1908 2545 2020 2646; x_wconf 84' lang='lat' dir='ltr'>casu,</span> 
     </span>
     <span class='ocr_line' id='line_1_19' title="bbox 719 2663 2024 2777; baseline -0.002 -29"><span class='ocrx_word' id='word_1_157' title='bbox 719 2667 838 2748; x_wconf 91' lang='lat' dir='ltr'>Orbis</span> <span class='ocrx_word' id='word_1_158' title='bbox 873 2667 1006 2776; x_wconf 90' lang='lat' dir='ltr'>portio</span> <span class='ocrx_word' id='word_1_159' title='bbox 1032 2663 1219 2776; x_wconf 85' lang='lat' dir='ltr'>descripta</span> <span class='ocrx_word' id='word_1_160' title='bbox 1248 2668 1458 2777; x_wconf 90' lang='lat' dir='ltr'>pertinebit</span> <span class='ocrx_word' id='word_1_161' title='bbox 1483 2667 1534 2750; x_wconf 86' lang='lat' dir='ltr'>ad</span> <span class='ocrx_word' id='word_1_162' title='bbox 1569 2666 1719 2749; x_wconf 90' lang='lat' dir='ltr'>Orbem</span> <span class='ocrx_word' id='word_1_163' title='bbox 1756 2666 1916 2748; x_wconf 90' lang='lat' dir='ltr'>minime</span> <span class='ocrx_word' id='word_1_164' title='bbox 1951 2667 2024 2750; x_wconf 84' lang='lat' dir='ltr'>Ex·</span> 
     </span>
     <span class='ocr_line' id='line_1_20' title="bbox 720 2773 2023 2892; baseline -0.002 -31"><span class='ocrx_word' id='word_1_165' title='bbox 720 2777 948 2861; x_wconf 85' lang='lat' dir='ltr'>centricum.</span> <span class='ocrx_word' id='word_1_166' title='bbox 1007 2777 1185 2860; x_wconf 89' lang='lat' dir='ltr'>Satellite</span> <span class='ocrx_word' id='word_1_167' title='bbox 1215 2777 1237 2860; x_wconf 81' lang='lat' dir='ltr'>:l</span> <span class='ocrx_word' id='word_1_168' title='bbox 1269 2777 1449 2888; x_wconf 80' lang='lat' dir='ltr'>eversus</span> <span class='ocrx_word' id='word_1_169' title='bbox 1478 2805 1509 2861; x_wconf 80' lang='lat' dir='ltr'>a.</span> <span class='ocrx_word' id='word_1_170' title='bbox 1540 2773 1768 2892; x_wconf 83' lang='lat' dir='ltr'>progresso,</span> <span class='ocrx_word' id='word_1_171' title='bbox 1805 2781 1873 2864; x_wconf 90' lang='lat' dir='ltr'>Vis</span> <span class='ocrx_word' id='word_1_172' title='bbox 1902 2804 2023 2862; x_wconf 84' lang='lat' dir='ltr'>extra·</span> 
     </span>
     <span class='ocr_line' id='line_1_21' title="bbox 721 2887 2030 3006; baseline -0.005 -28"><span class='ocrx_word' id='word_1_173' title='bbox 721 2917 798 2978; x_wconf 87' lang='lat' dir='ltr'>nea</span> <span class='ocrx_word' id='word_1_174' title='bbox 822 2889 999 2974; x_wconf 88' lang='lat' dir='ltr'>ablatitia</span> <span class='ocrx_word' id='word_1_175' title='bbox 1029 2914 1072 2972; x_wconf 92' lang='lat' dir='ltr'>ut</span> <span class='ocrx_word' id='word_1_176' title='bbox 1098 2917 1129 2972; x_wconf 87' lang='lat' dir='ltr'>u</span> <span class='ocrx_word' id='word_1_177' title='bbox 1149 2914 1184 2972; x_wconf 78' lang='lat' dir='ltr'>rs:</span> <span class='ocrx_word' id='word_1_178' title='bbox 1207 2891 1317 2976; x_wconf 81' lang='lat' dir='ltr'>simul</span> <span class='ocrx_word' id='word_1_179' title='bbox 1344 2892 1503 2994; x_wconf 87' lang='lat' dir='ltr'>crescit,</span> <span class='ocrx_word' id='word_1_180' title='bbox 1535 2889 1765 3006; x_wconf 77' lang='lat' dir='ltr'>effedusque</span> <span class='ocrx_word' id='word_1_181' title='bbox 1786 2887 1875 2979; x_wconf 85' lang='lat' dir='ltr'>suos</span> <span class='ocrx_word' id='word_1_182' title='bbox 1902 2894 2030 3006; x_wconf 49' lang='lat' dir='ltr'>proin:</span> 
     </span>
     <span class='ocr_line' id='line_1_22' title="bbox 704 3001 2165 3117; baseline -0.001 -29"><span class='ocrx_word' id='word_1_183' title='bbox 704 3007 776 3088; x_wconf 80' lang='lat' dir='ltr'>&#39;tle</span> <span class='ocrx_word' id='word_1_184' title='bbox 808 3005 929 3116; x_wconf 88' lang='lat' dir='ltr'>magis</span> <span class='ocrx_word' id='word_1_185' title='bbox 965 3001 1160 3117; x_wconf 87' lang='lat' dir='ltr'>magisque</span> <span class='ocrx_word' id='word_1_186' title='bbox 1195 3007 1306 3096; x_wconf 80' lang='lat' dir='ltr'>editr</span> <span class='ocrx_word' id='word_1_187' title='bbox 1340 3008 1418 3094; x_wconf 87' lang='lat' dir='ltr'>hoc</span> <span class='ocrx_word' id='word_1_188' title='bbox 1447 3011 1529 3108; x_wconf 86' lang='lat' dir='ltr'>est,</span> <span class='ocrx_word' id='word_1_189' title='bbox 1570 3007 1784 3091; x_wconf 85' lang='lat' dir='ltr'>Satellitem</span> <span class='ocrx_word' id='word_1_190' title='bbox 1815 3001 2032 3111; x_wconf 86' lang='lat' dir='ltr'>describere·</span> <span class='ocrx_word' id='word_1_191' title='bbox 2164 3049 2165 3068; x_wconf 47' lang='grc' dir='ltr'>ι</span> 
     </span>
     <span class='ocr_line' id='line_1_23' title="bbox 725 3117 2027 3236; baseline -0.002 -33"><span class='ocrx_word' id='word_1_192' title='bbox 725 3117 822 3203; x_wconf 81' lang='lat' dir='ltr'>iacit</span> <span class='ocrx_word' id='word_1_193' title='bbox 845 3118 962 3203; x_wconf 86' lang='lat' dir='ltr'>Orbis</span> <span class='ocrx_word' id='word_1_194' title='bbox 981 3145 1129 3232; x_wconf 88' lang='lat' dir='ltr'>partem</span> <span class='ocrx_word' id='word_1_195' title='bbox 1149 3120 1199 3203; x_wconf 86' lang='lat' dir='ltr'>ad</span> <span class='ocrx_word' id='word_1_196' title='bbox 1227 3121 1376 3206; x_wconf 90' lang='lat' dir='ltr'>Orbem</span> <span class='ocrx_word' id='word_1_197' title='bbox 1407 3125 1527 3236; x_wconf 89' lang='lat' dir='ltr'>magis</span> <span class='ocrx_word' id='word_1_198' title='bbox 1543 3121 1811 3205; x_wconf 87' lang='lat' dir='ltr'>Excentricum</span> <span class='ocrx_word' id='word_1_199' title='bbox 1842 3120 2027 3232; x_wconf 80' lang='lat' dir='ltr'>pertinen·</span> 
     </span>
     <span class='ocr_line' id='line_1_24' title="bbox 720 3231 2028 3347; baseline -0.001 -31"><span class='ocrx_word' id='word_1_200' title='bbox 720 3246 806 3326; x_wconf 82' lang='lat' dir='ltr'>tem</span> <span class='ocrx_word' id='word_1_201' title='bbox 824 3264 839 3313; x_wconf 75' lang='grc' dir='ltr'>ε.</span> <span class='ocrx_word' id='word_1_202' title='bbox 870 3259 990 3345; x_wconf 87' lang='lat' dir='ltr'>quare</span> <span class='ocrx_word' id='word_1_203' title='bbox 1017 3233 1057 3316; x_wconf 93' lang='lat' dir='ltr'>in</span> <span class='ocrx_word' id='word_1_204' title='bbox 1075 3231 1264 3346; x_wconf 78' lang='lat' dir='ltr'>&#39;progessu</span> <span class='ocrx_word' id='word_1_205' title='bbox 1293 3238 1477 3322; x_wconf 84' lang='lat' dir='ltr'>Satellitis</span> <span class='ocrx_word' id='word_1_206' title='bbox 1503 3236 1526 3320; x_wconf 81' lang='lat' dir='ltr'>al</span> <span class='ocrx_word' id='word_1_207' title='bbox 1555 3233 1809 3342; x_wconf 90' lang='lat' dir='ltr'>Quadraturis</span> <span class='ocrx_word' id='word_1_208' title='bbox 1836 3233 1889 3320; x_wconf 90' lang='lat' dir='ltr'>ad</span> <span class='ocrx_word' id='word_1_209' title='bbox 1910 3237 2028 3347; x_wconf 86' lang='lat' dir='ltr'>Syzy·</span> 
     </span>
     <span class='ocr_line' id='line_1_25' title="bbox 721 3345 2027 3464; baseline -0.001 -32"><span class='ocrx_word' id='word_1_210' title='bbox 721 3349 810 3459; x_wconf 82' lang='lat' dir='ltr'>glas</span> <span class='ocrx_word' id='word_1_211' title='bbox 833 3348 912 3451; x_wconf 80' lang='lat' dir='ltr'>ejus</span> <span class='ocrx_word' id='word_1_212' title='bbox 934 3347 1056 3430; x_wconf 81' lang='lat' dir='ltr'>Orbis</span> <span class='ocrx_word' id='word_1_213' title='bbox 1076 3350 1195 3460; x_wconf 89' lang='lat' dir='ltr'>magis</span> <span class='ocrx_word' id='word_1_214' title='bbox 1222 3345 1419 3464; x_wconf 86' lang='lat' dir='ltr'>magisque</span> <span class='ocrx_word' id='word_1_215' title='bbox 1442 3349 1692 3434; x_wconf 85' lang='lat' dir='ltr'>Excentricus</span> <span class='ocrx_word' id='word_1_216' title='bbox 1709 3347 1869 3446; x_wconf 82' lang='lat' dir='ltr'>euadit,</span> <span class='ocrx_word' id='word_1_217' title='bbox 1901 3347 2027 3431; x_wconf 85' lang='lat' dir='ltr'>donec</span> 
     </span>
     <span class='ocr_line' id='line_1_26' title="bbox 722 3455 2033 3595; baseline 0 -51"><span class='ocrx_word' id='word_1_218' title='bbox 722 3461 903 3544; x_wconf 85' lang='lat' dir='ltr'>-Satellite</span> <span class='ocrx_word' id='word_1_219' title='bbox 924 3459 975 3543; x_wconf 87' lang='lat' dir='ltr'>ad</span> <span class='ocrx_word' id='word_1_220' title='bbox 1008 3455 1125 3572; x_wconf 84' lang='lat' dir='ltr'>ipsam</span> <span class='ocrx_word' id='word_1_221' title='bbox 1155 3461 1454 3595; x_wconf 69' lang='lat' dir='ltr'>O‘pposttionem</span> <span class='ocrx_word' id='word_1_222' title='bbox 1488 3463 1552 3548; x_wconf 89' lang='lat' dir='ltr'>vel</span> <span class='ocrx_word' id='word_1_223' title='bbox 1579 3463 1910 3567; x_wconf 72' lang='lat' dir='ltr'>Conjundlionem</span> <span class='ocrx_word' id='word_1_224' title='bbox 1942 3487 2033 3547; x_wconf 88' lang='lat' dir='ltr'>cum</span> 
     </span>
     <span class='ocr_line' id='line_1_27' title="bbox 722 3575 2028 3685; baseline 0.002 -28"><span class='ocrx_word' id='word_1_225' title='bbox 722 3576 827 3658; x_wconf 83' lang='lat' dir='ltr'>:Sole</span> <span class='ocrx_word' id='word_1_226' title='bbox 852 3599 1070 3685; x_wconf 77' lang='lat' dir='ltr'>pervento,</span> <span class='ocrx_word' id='word_1_227' title='bbox 1107 3576 1230 3659; x_wconf 85' lang='lat' dir='ltr'>Otbrs</span> <span class='ocrx_word' id='word_1_228' title='bbox 1251 3575 1319 3660; x_wconf 89' lang='lat' dir='ltr'>fiat</span> <span class='ocrx_word' id='word_1_229' title='bbox 1349 3579 1531 3666; x_wconf 86' lang='lat' dir='ltr'>omnium.</span> <span class='ocrx_word' id='word_1_230' title='bbox 1555 3577 1721 3661; x_wconf 87' lang='lat' dir='ltr'>maxime</span> <span class='ocrx_word' id='word_1_231' title='bbox 1751 3575 2028 3672; x_wconf 83' lang='lat' dir='ltr'>Excentricus‚</span> 
     </span>
     <span class='ocr_line' id='line_1_28' title="bbox 730 3683 2032 3786; baseline -0.002 -12"><span class='ocrx_word' id='word_1_232' title='bbox 730 3685 907 3774; x_wconf 78' lang='lat' dir='ltr'>ablatitid</span> <span class='ocrx_word' id='word_1_233' title='bbox 938 3689 987 3773; x_wconf 90' lang='lat' dir='ltr'>Vi</span> <span class='ocrx_word' id='word_1_234' title='bbox 1010 3715 1053 3773; x_wconf 88' lang='lat' dir='ltr'>ut</span> <span class='ocrx_word' id='word_1_235' title='bbox 1078 3713 1163 3778; x_wconf 76' lang='lat' dir='ltr'>MN-</span> <span class='ocrx_word' id='word_1_236' title='bbox 1185 3691 1371 3777; x_wconf 83' lang='lat' dir='ltr'>existente</span> <span class='ocrx_word' id='word_1_237' title='bbox 1399 3721 1502 3778; x_wconf 91' lang='lat' dir='ltr'>nunc</span> <span class='ocrx_word' id='word_1_238' title='bbox 1538 3715 1621 3775; x_wconf 93' lang='lat' dir='ltr'>tum</span> <span class='ocrx_word' id='word_1_239' title='bbox 1645 3683 1751 3786; x_wconf 78' lang='lat' dir='ltr'>sold,</span> <span class='ocrx_word' id='word_1_240' title='bbox 1798 3714 1882 3773; x_wconf 92' lang='lat' dir='ltr'>tum</span> <span class='ocrx_word' id='word_1_241' title='bbox 1914 3689 2032 3774; x_wconf 88' lang='lat' dir='ltr'>maxi·</span> 
     </span>
     <span class='ocr_line' id='line_1_29' title="bbox 723 3799 2033 3916; baseline 0.002 -31"><span class='ocrx_word' id='word_1_242' title='bbox 723 3801 795 3906; x_wconf 75' lang='lat' dir='ltr'>-md</span> <span class='ocrx_word' id='word_1_243' title='bbox 819 3807 859 3886; x_wconf 78' lang='lat' dir='ltr'>dt</span> <span class='ocrx_word' id='word_1_244' title='bbox 880 3801 1046 3888; x_wconf 82' lang='lat' dir='ltr'>maxime</span> <span class='ocrx_word' id='word_1_245' title='bbox 1066 3803 1223 3890; x_wconf 74' lang='lat' dir='ltr'>diretta.</span> <span class='ocrx_word' id='word_1_246' title='bbox 1285 3807 1421 3889; x_wconf 87' lang='lat' dir='ltr'>Postea</span> <span class='ocrx_word' id='word_1_247' title='bbox 1439 3833 1537 3890; x_wconf 90' lang='lat' dir='ltr'>vero</span> <span class='ocrx_word' id='word_1_248' title='bbox 1552 3864 1566 3903; x_wconf 93' lang='lat'>,</span> <span class='ocrx_word' id='word_1_249' title='bbox 1584 3803 1760 3891; x_wconf 86' lang='lat' dir='ltr'>Satellite</span> <span class='ocrx_word' id='word_1_250' title='bbox 1781 3799 1910 3888; x_wconf 90' lang='lat' dir='ltr'>versus</span> <span class='ocrx_word' id='word_1_251' title='bbox 1928 3807 2033 3916; x_wconf 77' lang='lat' dir='ltr'>Qa-</span> 
     </span>
     <span class='ocr_line' id='line_1_30' title="bbox 635 3909 2032 4033; baseline 0 -33"><span class='ocrx_word' id='word_1_252' title='bbox 635 3909 642 3922; x_wconf 77' lang='grc'><strong>’</strong></span> <span class='ocrx_word' id='word_1_253' title='bbox 734 3917 934 4000; x_wconf 81' lang='lat' dir='ltr'>draturamt</span> <span class='ocrx_word' id='word_1_254' title='bbox 959 3943 1174 4028; x_wconf 87' lang='lat' dir='ltr'>pergente,</span> <span class='ocrx_word' id='word_1_255' title='bbox 1211 3919 1490 4003; x_wconf 86' lang='lat' dir='ltr'>Excentticitas</span> <span class='ocrx_word' id='word_1_256' title='bbox 1518 3913 1638 4004; x_wconf 92' lang='lat' dir='ltr'>rursus</span> <span class='ocrx_word' id='word_1_257' title='bbox 1671 3917 1832 4002; x_wconf 90' lang='lat' dir='ltr'>diminui</span> <span class='ocrx_word' id='word_1_258' title='bbox 1865 3919 2032 4033; x_wconf 86' lang='lat' dir='ltr'>incipit,</span> 
     </span>
     <span class='ocr_line' id='line_1_31' title="bbox 735 4029 2034 4142; baseline 0.003 -32"><span class='ocrx_word' id='word_1_259' title='bbox 735 4029 790 4110; x_wconf 92' lang='lat' dir='ltr'>ob</span> <span class='ocrx_word' id='word_1_260' title='bbox 815 4031 964 4110; x_wconf 74' lang='lat' dir='ltr'>audam</span> <span class='ocrx_word' id='word_1_261' title='bbox 990 4033 1080 4111; x_wconf 91' lang='lat' dir='ltr'>Vim</span> <span class='ocrx_word' id='word_1_262' title='bbox 1123 4053 1197 4114; x_wconf 81' lang='lat' dir='ltr'>ast</span> <span class='ocrx_word' id='word_1_263' title='bbox 1221 4057 1306 4142; x_wconf 81' lang='lat' dir='ltr'>quat</span> <span class='ocrx_word' id='word_1_264' title='bbox 1330 4031 1438 4116; x_wconf 92' lang='lat' dir='ltr'>illam</span> <span class='ocrx_word' id='word_1_265' title='bbox 1465 4035 1620 4116; x_wconf 63' lang='lat' dir='ltr'>minuit.v</span> <span class='ocrx_word' id='word_1_266' title='bbox 1675 4033 1793 4115; x_wconf 90' lang='lat' dir='ltr'>Orbis</span> <span class='ocrx_word' id='word_1_267' title='bbox 1819 4030 1933 4142; x_wconf 76' lang='lat' dir='ltr'>igImr</span> <span class='ocrx_word' id='word_1_268' title='bbox 1963 4035 2034 4114; x_wconf 84' lang='lat' dir='ltr'>Ex·</span> 
     </span>
     <span class='ocr_line' id='line_1_32' title="bbox 735 4139 2035 4260; baseline 0.003 -36"><span class='ocrx_word' id='word_1_269' title='bbox 735 4141 954 4224; x_wconf 86' lang='lat' dir='ltr'>centricitas</span> <span class='ocrx_word' id='word_1_270' title='bbox 987 4141 1026 4224; x_wconf 92' lang='lat' dir='ltr'>in</span> <span class='ocrx_word' id='word_1_271' title='bbox 1053 4139 1247 4255; x_wconf 86' lang='lat' dir='ltr'>progressu</span> <span class='ocrx_word' id='word_1_272' title='bbox 1280 4145 1463 4231; x_wconf 85' lang='lat' dir='ltr'>Satellitis</span> <span class='ocrx_word' id='word_1_273' title='bbox 1493 4148 1516 4230; x_wconf 79' lang='lat' dir='ltr'>d</span> <span class='ocrx_word' id='word_1_274' title='bbox 1551 4145 1805 4256; x_wconf 84' lang='lat' dir='ltr'>Qradtaturis</span> <span class='ocrx_word' id='word_1_275' title='bbox 1830 4145 1880 4229; x_wconf 90' lang='lat' dir='ltr'>ad</span> <span class='ocrx_word' id='word_1_276' title='bbox 1916 4151 2035 4260; x_wconf 86' lang='lat' dir='ltr'>Syzy·</span> 
     </span>
     <span class='ocr_line' id='line_1_33' title="bbox 735 4253 2038 4372; baseline 0.005 -36"><span class='ocrx_word' id='word_1_277' title='bbox 735 4257 825 4368; x_wconf 84' lang='lat' dir='ltr'>glas</span> <span class='ocrx_word' id='word_1_278' title='bbox 841 4282 1034 4369; x_wconf 86' lang='lat' dir='ltr'>perpetuo</span> <span class='ocrx_word' id='word_1_279' title='bbox 1065 4283 1253 4368; x_wconf 86' lang='lat' dir='ltr'>augetur,</span> <span class='ocrx_word' id='word_1_280' title='bbox 1292 4265 1333 4342; x_wconf 78' lang='lat' dir='ltr'>dt</span> <span class='ocrx_word' id='word_1_281' title='bbox 1365 4261 1405 4344; x_wconf 93' lang='lat' dir='ltr'>in</span> <span class='ocrx_word' id='word_1_282' title='bbox 1440 4256 1606 4366; x_wconf 88' lang='lat' dir='ltr'>ejusdem</span> <span class='ocrx_word' id='word_1_283' title='bbox 1639 4253 1831 4372; x_wconf 84' lang='lat' dir='ltr'>progressu</span> <span class='ocrx_word' id='word_1_284' title='bbox 1871 4257 2038 4372; x_wconf 75' lang='lat' dir='ltr'>dSyzy·</span> 
     </span>
     <span class='ocr_line' id='line_1_34' title="bbox 736 4369 2036 4485; baseline 0.005 -35"><span class='ocrx_word' id='word_1_285' title='bbox 736 4372 807 4480; x_wconf 87' lang='lat' dir='ltr'>giis</span> <span class='ocrx_word' id='word_1_286' title='bbox 849 4369 899 4451; x_wconf 86' lang='lat' dir='ltr'>ad</span> <span class='ocrx_word' id='word_1_287' title='bbox 935 4369 1206 4480; x_wconf 79' lang='lat' dir='ltr'>Qadtaturas</span> <span class='ocrx_word' id='word_1_288' title='bbox 1238 4399 1428 4485; x_wconf 89' lang='lat' dir='ltr'>perpetuo</span> <span class='ocrx_word' id='word_1_289' title='bbox 1471 4373 1738 4459; x_wconf 87' lang='lat' dir='ltr'>diminuitur:</span> <span class='ocrx_word' id='word_1_290' title='bbox 1783 4377 1834 4456; x_wconf 89' lang='lat' dir='ltr'>Et</span> <span class='ocrx_word' id='word_1_291' title='bbox 1873 4375 2036 4458; x_wconf 88' lang='lat' dir='ltr'>maxima</span> 
     </span>
     <span class='ocr_line' id='line_1_35' title="bbox 668 4482 2036 4601; baseline 0.006 -37"><span class='ocrx_word' id='word_1_292' title='bbox 668 4499 673 4508; x_wconf 82' lang='lat'><strong>·</strong></span> <span class='ocrx_word' id='word_1_293' title='bbox 737 4482 903 4598; x_wconf 88' lang='lat' dir='ltr'>proinde</span> <span class='ocrx_word' id='word_1_294' title='bbox 939 4489 992 4567; x_wconf 90' lang='lat' dir='ltr'>est</span> <span class='ocrx_word' id='word_1_295' title='bbox 1031 4487 1224 4588; x_wconf 81' lang='lat' dir='ltr'>(taeteris</span> <span class='ocrx_word' id='word_1_296' title='bbox 1252 4487 1445 4600; x_wconf 87' lang='lat' dir='ltr'>paribus)</span> <span class='ocrx_word' id='word_1_297' title='bbox 1488 4493 1529 4574; x_wconf 91' lang='lat' dir='ltr'>in</span> <span class='ocrx_word' id='word_1_298' title='bbox 1565 4489 1769 4601; x_wconf 76' lang='lat' dir='ltr'>syzygiis,</span> <span class='ocrx_word' id='word_1_299' title='bbox 1816 4487 2036 4572; x_wconf 86' lang='lat' dir='ltr'>minimain</span> 
     </span>
     <span class='ocr_line' id='line_1_36' title="bbox 712 4596 1036 4703; baseline 0 -21"><span class='ocrx_word' id='word_1_300' title='bbox 712 4596 1036 4703; x_wconf 66' lang='lat' dir='ltr'>Qradratutis..</span> 
     </span>
    </p>
   </div>
   <div class='ocr_carea' id='block_1_3' title="bbox 0 0 2251 5692">
    <p class='ocr_par' dir='ltr' id='par_1_3' title="bbox 0 0 2251 5692">
     <span class='ocr_line' id='line_1_37' title="bbox 0 0 2251 5692; baseline 0 0"><span class='ocrx_word' id='word_1_301' title='bbox 0 0 2251 5692; x_wconf 95' lang='lat' dir='ltr'> </span> 
     </span>
    </p>
   </div>
  </div>
 </body>
</html>
