4420 5692
250 627 296 706 O·
329 619 727 738 &temptem
762 617 1111 703 erearum.
1145 627 1243 700 ιω..
1265 627 1335 704 IV.
1404 639 1476 722 469

172 763 290 855 tribi't
320 749 533 866 orbitarn,
561 771 674 874 eujus
704 767 863 880 planum
894 795 920 850 τ
953 767 1146 853 lmin'ore
1182 771 1327 884 angulo
1357 772 1424 852 lr
1456 800 1673 898 smm-

174 883 226 966 ad
260 910 278 966 s
310 911 337 965 τ
372 884 538 996 planum
571 881 689 964 Orbis
722 884 892 965 Primarii
933 882 1033 966 circa
1076 884 1211 967 Solem
1251 885 1476 968 inclinatum
1487 876 1675 992 ruspou‘

175 995 243 1078 est.
284 995 420 1107 Atque
449 995 615 1078 mutatio
650 993 733 1079 haec
762 995 1029 1080 Inclinationis
1060 998 1179 1081 Orbis
1210 997 1394 1081 Satellitis
1428 997 1480 1080 ad
1617 1070 1624 1074 .

170 1107 327 1192 Orbem
344 1107 532 1192 ‘Primarii
573 1110 628 1194 cst
668 1112 687 1220 (
725 1111 872 1193 caeteris
908 1109 1111 1222 paribus)
1154 1139 1205 1194 eo
1244 1111 1366 1213 major
1399 1138 1482 1223 quo

172 1223 300 1325 major
331 1223 385 1306 cll
413 1224 485 1306 Vis
516 1247 547 1304 u
575 1247 606 1304 n
634 1223 742 1306 illam
780 1222 1000 1333 producens
1036 1256 1048 1302 r
1088 1224 1161 1307 Vis
1184 1251 1282 1331 vero
1308 1249 1340 1303 u
1363 1247 1396 1304 rr
1428 1225 1483 1306 est

175 1338 300 1438 major
328 1363 411 1446 quo
442 1323 606 1420 Sstelles
651 1337 705 1417 est
743 1337 919 1448 Syzygiis
948 1361 981 1417 o
1006 1342 1047 1420 de
1073 1363 1096 1417 n
1127 1340 1301 1448 propior.
1350 1335 1483 1419 Nodis

171 1447 291 1558 igitur
315 1449 356 1528 in
386 1450 489 1532 Solis
518 1447 726 1556 Qtadrato
756 1451 1012 1548 haerentibus,
1037 1452 1244 1534 Inclinatio
1271 1447 1391 1530 Orbis
1415 1451 1482 1531 Sa·

171 1560 308 1643 rellitis
332 1563 384 1644 est
417 1561 573 1644 minima
607 1560 769 1672 quando
798 1563 962 1647 Satelles
990 1565 1043 1646 est
1071 1563 1113 1645 in
1137 1563 1352 1674 syzygiis·
1384 1561 1482 1643 Rur-

170 1667 260 1770 sus,
296 1675 483 1786 quoniam
513 1676 615 1756 reda
639 1699 680 1788 ¹rr
713 1697 745 1757 rt
782 1675 901 1786 eique
936 1677 1120 1788 parallela
1156 1702 1182 1756 u
1214 1701 1233 1756 r
1270 1671 1480 1784 (direclio

169 1813 316 1898 nempe
346 1789 416 1870 Vis
441 1785 701 1898 perturbantis
726 1791 766 1870 dt
794 1788 1093 1874 Inclinationem
1126 1781 1368 1894 minuentis)
1400 1811 1481 1867 ma·

172 1899 232 2012 gis
256 1903 357 1984 teda
390 1902 444 1982 est
476 1902 518 1983 in
552 1901 710 2008 planum
743 1901 890 1984 Orbita
921 1902 1105 1986 Satellitis
1128 1929 1217 1984 tum
1244 1897 1358 1984 Nodi
1395 1895 1481 1981 sunt

169 2016 216 2097 in
240 2011 519 2120 Qradraturis,
546 2039 664 2124 quam
694 2014 734 2095 in
768 2015 847 2097 alio
874 2015 1019 2127 quovis
1037 2014 1251 2099 Nodorum
1274 2013 1371 2100 srtur
1398 2037 1481 2094 ntu-

174 2125 276 2208 tatio
309 2126 580 2210 Inclinationis
610 2125 651 2207 in
677 2124 756 2210 hoc
782 2123 967 2212 caluerit
992 2126 1394 2236 maxima,'adeoque
1420 2124 1480 2205 In·

172 2235 337 2322 clinatio
377 2239 582 2348 planorum
627 2239 785 2322 minima
823 2244 971 2325 :Nam
1004 2269 1087 2352 quo
1123 2241 1282 2354 propius
1317 2235 1497 2348 angulus¹

168 2377 198 2466 ⁸a
229 2373 255 2434 L
282 2377 309 2431 τ
344 2351 496 2434 accedit
528 2349 785 2448 adesdum,
824 2381 874 2436 eo
902 2357 1088 2459 majorem
1122 2354 1305 2464 angulum
1339 2349 1481 2433 redula

181 2467 256 2551 Ll
290 2461 388 2547 datae
411 2463 664 2578 longitudinis
696 2463 906 2548 subtendit.
964 2469 1151 2550 Omnium
1176 2465 1291 2576 igitur
1324 2463 1480 2546 minima

175 2575 254 2661 trit
287 2576 493 2660 Inclinatio
528 2577 634 2688 plani
675 2579 793 2660 Orbis
835 2580 1021 2662 Satellitis
1062 2580 1113 2663 od
1156 2581 1315 2689 planum
1361 2572 1497 2656 Orbis,

178 2689 377 2789 Primam,
408 2687 476 2773 ubi
504 2687 617 2776 Nodi
646 2681 744 2774 sunt.
757 2693 798 2773 in
834 2691 1089 2801 Qradraturis
1121 2695 1161 2774 dc
1184 2688 1293 2773 srmul
1318 2685 1481 2772 Satelles

176 2803 221 2886 in
252 2805 328 2886 Sz
382 2802 438 2886 iis.

237 2831 382 3015 Poytrllg,
417 2913 620 3027 designet(
634 2913 753 3001 oculo
777 2939 919 3031 nempe
941 2915 981 2999 in
1010 2919 1128 3003 Linea
1152 2913 1365 3001 Nodorum
1390 2938 1476 3023 pro·
1515 2891 1565 2967 ⁸⁸⁸·

174 3026 294 3114 duda
318 3029 554 3126 constituto,
591 3056 634 3114 ut
655 3029 805 3140 prius)
847 3057 866 3112 s
893 3057 920 3110 r
951 3027 974 3108 b
1007 3033 1166 3143 planum
1190 3029 1309 3112 Orbis
1336 3026 1492 3144 Prima-¹

174 3144 226 3225 n‘i
259 3171 288 3225 τ
315 3140 415 3226 circa
441 3142 575 3227 Solem
603 3141 871 3230 revolventiss
898 3167 928 3223 o
963 3169 989 3224 τ
1021 3161 1043 3227 Β
1076 3145 1235 3256 planum
1266 3141 1385 3224 Orbis
1414 3141 1480 3222 Sa-

178 3255 340 3352 tellitis‚
392 3253 489 3338 dum
524 3256 602 3340 hoc
633 3256 778 3368 angulo
817 3247 1025 3366 minimo(
1061 3285 1202 3368 nempe
1236 3281 1264 3336 o
1297 3283 1379 3363 rg
1413 3251 1479 3336 vel

175 3391 202 3454 u
230 3397 258 3450 r
283 3365 346 3477 b)
378 3369 428 3450 ad
451 3367 549 3450 illud
578 3371 809 3467 inclinatur,
836 3367 950 3479 quod
975 3371 1168 3482 contingit
1195 3375 1279 3470 (ut
1311 3365 1479 3479 superius

177 3482 235 3564 est
262 3477 492 3582 ostensum)
524 3480 590 3563 ubi
620 3483 783 3565 Satelles
812 3507 861 3565 ex
893 3510 922 3564 τ
949 3482 1105 3566 videtur
1130 3485 1170 3566 in
1196 3479 1374 3592 Syzygiis
1408 3480 1480 3560 So·

170 3575 240 3677 lis.
275 3595 460 3704 Cumque
482 3597 523 3676 in
555 3618 668 3706 prat.
697 3593 742 3676 fit
775 3589 963 3676 ostensum
997 3596 1145 3681 Nodos
1181 3596 1330 3694 Orbitae
1357 3591 1480 3678 Satel-

181 3706 260 3790 litis
292 3734 451 3818 vergere
479 3707 521 3787 in
557 3707 861 3800 antecedentia,
898 3708 1040 3791 Orbita
1098 3737 1185 3792 uam
1220 3707 1382 3790 Satelles
1409 3696 1481 3784 dis·

181 3819 326 3904 cedens
358 3819 381 3904 ai
414 3845 441 3900 ο
478 3818 589 3927 (ubi
615 3848 665 3902 ex
701 3849 728 3904 r
759 3814 859 3901 visus
887 3737 1193 3932 conjungebatur
1225 3846 1312 3901 cum
1344 3813 1479 3918 Sole)

181 3959 301 4046 porro
333 3927 541 4029 describit,
577 3955 754 4019 occurret
785 3931 854 4044 ipst
883 3955 901 4012 s
928 3957 955 4014 r
984 3928 1007 4009 b
1041 3935 1134 4016 citra
1172 3959 1198 4016 r
1228 3925 1394 4044 relpeslu
1423 3927 1481 4036 ip·

181 4046 257 4129 lius
279 4043 403 4142 Solis,
442 4047 593 4158 eritque
630 4047 733 4130 linea
763 4071 791 4128 o
821 4043 882 4132 dr
911 4047 951 4125 dt
982 4044 1122 4129 Orbita
1150 4072 1266 4158 quam
1301 4037 1481 4130 describit

179 4159 287 4242 idem
314 4155 510 4242 discedens
544 4159 567 4242 d
602 4183 622 4240 s
656 4160 724 4243 ubi
753 4157 837 4243 Soli
869 4158 1173 4270 opponebatur,
1224 4183 1365 4268 nempe
1401 4179 1422 4236 u
1457 4167 1481 4231 r

178 4273 312 4366 linea,
348 4296 525 4356 occurret
557 4273 728 4384 planos
761 4299 786 4354 τ
821 4267 915 4352 bin
944 4285 998 4368 a,
1041 4268 1091 4354 sc.
1117 4272 1218 4354 ultra
1252 4299 1279 4352 T
1311 4263 1481 4379 respedu

177 4383 293 4468 Solis.
353 4387 463 4468 Patet
492 4387 567 4488 jam
596 4414 620 4468 n
654 4386 684 4464 d
711 4385 777 4468 vel
804 4393 877 4465 sl
911 4383 1052 4467 lineam
1080 4385 1262 4498 angulum
1295 4385 1480 4487 majorem

179 4526 269 4582 cum
297 4525 316 4578 s
341 4497 638 4582 rhcontinere
666 4497 717 4584 ad
742 4498 772 4577 d
800 4502 839 4580 u
865 4503 911 4591 l,
945 4513 1064 4604 quam
1089 4499 1230 4582 estille
1255 4523 1372 4609 quetn
1396 4521 1422 4576 o
1449 4519 1478 4576 τ

178 4603 298 4710 ‚uela
329 4637 357 4692 τ
387 4639 474 4693 cum
500 4611 642 4696 eodem
668 4641 687 4696 s
712 4641 740 4695 r
765 4609 788 4691 b
817 4611 937 4726 plano
961 4612 1166 4704 continete
1195 4611 1383 4724 aqualem
1411 4605 1482 4686 cir-

265 4719 420 4836 Graegori
442 4724 541 4832 syla.
568 4722 667 4809 Tro.
694 4729 754 4835 ll.
1061 4729 1090 4812 F
1388 4717 1483 4838 citer

1585 2886 1617 2954 ςὲ
