4346 5676
759 686 813 776 'eit'
834 680 1075 774 Extentrie‘it'
1099 674 1259 768 reuolui
1279 567 1350 767 ebe
1367 575 1476 768 ἔξω
1495 567 1663 779 }osetn,
1691 700 1738 766 at
1760 669 1850 796 posi
1887 675 2070 792 songffl-

760 801 1063 920 mas·periodos
1089 798 1248 888 teverti.
1319 799 1384 886 Sic
1415 799 1521 886 enim
1547 802 1743 888 Numerus
1764 826 1904 886 eonem
1932 796 2054 913 prefi-
2167 837 2168 900 ς

760 925 867 1011 uitus
888 919 1008 1022 esset,
1041 947 1087 1007 ac
1109 918 1266 1006 sortasse
1294 907 1523 1034 nouusque
1553 916 1662 1004 adeo
1682 944 1861 1034 magnus.
1902 918 2054 1032 Soada

761 1067 894 1130 autem
916 1041 1021 1128 inter
1038 1041 1175 1126 Solem
1196 1036 1388 1152 Fixasque
1401 1059 1511 1124 tanta
1531 1032 1641 1137 sunt,
1673 1037 2055 1123 utCometaerevob

761 1161 873 1245 venti
892 1185 981 1244 cum
1009 1155 1184 1243 Petiodo
1204 1147 1463 1271 'quantumvis
1487 1157 1608 1270 longa
1631 1152 1722 1248 setis
1747 1156 1829 1242 loci
1862 1154 1920 1240 fit.
1982 1154 2056 1239 La-

761 1301 973 1364 tutantem
1000 1279 1145 1362 tedium
1179 1273 1333 1389 Eliipfis
1362 1275 1417 1359 est
1442 1272 1495 1360 ad
1525 1275 1644 1361 Latus
1671 1279 1817 1360 redum
1849 1271 2058 1360 Parabolae

761 1391 926 1482 tandem
945 1395 1184 1482 Petihesiam
1202 1394 1421 1480 distantiam
1439 1392 1648 1491 habentis,
1664 1417 1709 1479 ut
1726 1393 1905 1478 distantia
1921 1391 2059 1504 Aphe-

761 1514 814 1599 lia
839 1513 880 1598 in
898 1512 1035 1625 ¹Ellipfi
1058 1515 1113 1598 est
1134 1510 1187 1597 ad
1208 1513 1338 1598 Aaem
1362 1535 1492 1596 totum
1518 1509 1692 1623 Ellipfise
1706 1548 1713 1576 -.
1727 1509 2066 1596 Velocitatesaau*

743 1651 843 1722 sem
874 1627 1020 1715 suntin
1050 1629 1256 1716 dimidiata
1280 1632 1436 1717 ratione
1462 1632 1682 1716 eorundem
1712 1661 1722 1710 e
1748 1651 1995 1745 quapropter
2015 1627 2057 1710 in

763 1747 943 1833 Orbibus
972 1747 1093 1833 valde
1117 1748 1358 1834 Excentticis
1387 1751 1491 1833 ratio
1511 1747 1593 1836 haee
1617 1746 1776 1847 accedit,
1799 1747 1980 1859 proxime
2002 1741 2057 1828 ad

761 1866 957 1952 rationem
980 1867 1229 1979 aequalitatis.
1259 1865 1433 1950 Tantilla
1453 1887 1588 1953 autem
1605 1865 1856 1964 differentia,
1888 1893 1977 1978 quae
1998 1865 2057 1946 in-

760 1983 929 2070 tercedit
948 1985 1104 2069 tutione
1127 1984 1287 2091 majoris
1309 1986 1349 2068 in
1371 1983 1566 2070 Parabola
1585 1985 1839 2080 velocitatis,
1870 1980 2054 2067 facillime

763 2103 804 2186 in
834 2099 905 2186 situ
934 2099 1071 2185 Orbis
1095 2101 1399 2187 determinando
1423 2095 1708 2216 compensatur.
1772 2105 1896 2209 Hujus
1920 2103 2054 2211 itaque

763 2218 926 2304 Tabulae
944 2219 1236 2306 Elementorum
1264 2221 1448 2304 Mutuum
1471 2217 1556 2307 usus
1587 2221 1800 2334 praecipuus
1828 2221 1882 2304 esi
1901 2278 1914 2318 ,
1935 2241 2055 2330 arque

763 2337 883 2436 etiam
912 2361 1075 2451 propter
1100 2363 1218 2450 quem
1238 2336 1345 2422 illam
1371 2339 1592 2426 construere
1609 2367 1740 2452 operae
1757 2341 1926 2452 pretium
1945 2335 2054 2432 duri,

608 2483 612 2492 ·
761 2475 833 2542 ut,
859 2453 1081 2567 sequendo
1100 2479 1235 2540 novoe
1256 2457 1431 2542 Cometa
1458 2455 1655 2542 emerserit
1681 2515 1694 2556 ,
1723 2455 1905 2571 possimus
1934 2456 2055 2538 colla·

765 2574 817 2657 tie
838 2571 1043 2658 elementis
1069 2570 1313 2688 dignoscere
1332 2599 1381 2658 an
1414 2573 1675 2687 potetitesse
1706 2576 1850 2690 aliquis
1882 2600 1932 2657 ex
1960 2570 2056 2656 anti·

763 2690 880 2803 q'uie,
910 2719 1058 2785 necnee
1079 2717 1136 2776 ac
1153 2690 1325 2806 proinde
1349 2689 1559 2778 Petiodum
1582 2693 1813 2806 Orbitaeque
1836 2693 1966 2780 Auem
1988 2689 2054 2773 de·

762 2809 1018 2908 terminare,
1053 2808 1314 2922 reditumque¹
1340 2809 1586 2921 praedicere..
1629 2810 1689 2896 Ac
1715 2811 1803 2898 sane
1835 2808 1961 2894 musta
1991 2831 2054 2891 me

762 2920 926 3009 suadent
944 2947 991 3010 ut
1018 2926 1176 3011 credam
1204 2925 1420 3012 Cometam
1448 2929 1538 3012 anni
1582 2951 1687 3034 1531
1720 2928 1772 3014 ad
1807 2929 1950 3041 Apim
1975 2925 2050 3007 ob-

761 3037 990 3140 servatum,
1021 3043 1191 3129 eundem
1216 3043 1326 3129 firisse
1346 3071 1434 3130 cum
1463 3045 1535 3131 illo
1560 3050 1630 3160 qui
1660 3073 1765 3132 anno
1813 3056 1937 3150 1607.
1972 3039 2055 3126 des·

762 3162 910 3272 criptus
931 3158 1031 3246 esti
1059 3163 1267 3276 Kepkross&
1283 3157 1606 3276 hegumenum,
1638 3190 1839 3280 quemque
1873 3155 1956 3274 ipse
1982 3163 2053 3245 ire·

754 3303 846 3364 eum
874 3274 1070 3365 reversum
1099 3277 1254 3364 vidiae
1275 3278 1483 3366 observavi
1519 3309 1624 3368 anno
1660 3292 1782 3375 1682.
1844 3279 2051 3390 Quadrant

695 3469 700 3479 .
761 3397 966 3481 Elementa
994 3397 1155 3497 omnia,
1181 3421 1230 3483 ac
1254 3393 1337 3482 sola
1358 3400 1600 3514 snaequaliras
1627 3399 1887 3513 periodorum
1910 3397 2052 3482 adver·

760 3509 834 3598 sati
865 3514 1045 3600 viderur:
1070 3517 1158 3599 -baet
1177 3539 1308 3600 autem
1342 3539 1452 3601 tanta
1480 3547 1562 3604 non
1585 3520 1638 3602 ed
1666 3544 1710 3604 ut
1730 3517 1861 3605 eausrs
1883 3515 2052 3628 Physicis

760 3633 845 3718 iton
868 3629 980 3744 posset
1000 3632 1174 3718 attribui.
1235 3633 1393 3720 duranni
1414 3638 1518 3721 enim
1543 3663 1674 3723 motus
1699 3635 1722 3723 ai
1745 3639 1918 3732 caeteris,
1954 3661 2051 3746 prae-

759 3746 888 3835 sertim
916 3749 1042 3854 Jove,
1075 3753 1130 3836 ita
1154 3751 1460 3852 interturbatur,
1489 3777 1533 3840 ut
1553 3782 1624 3868 per
1652 3756 1809 3870 aliquot
1834 3754 1920 3838 dies
1949 3753 2050 3837 inte·

757 3897 849 3982 gros
869 3869 1058 3956 incertum
1074 3871 1119 3956 fit
1130 3869 1242 3980 hujus
1261 3873 1602 3986 Psanetaetempus
1623 3875 1881 3960 Pe'riodicum.
1915 3875 2051 3980 Quan-

758 4009 805 4071 to
826 3991 951 4103 magis
977 3990 1120 4074 talibus
1160 3991 1359 4077 erroribus
1388 3991 1589 4078 obnoxius
1614 3993 1691 4078 erit
1722 3995 1942 4088 Cometa,
1981 3989 2049 4104 qui

757 4130 933 4218 quatuor
964 4133 1066 4218 pene
1103 4105 1259 4196 vicibus
1284 4111 1403 4194 altius
1441 4113 1609 4196 excurrit
1635 4111 1794 4198 Serum
1820 4169 1832 4209 ,
1861 4103 2047 4218 cujusque

755 4225 972 4322 uelocitas,
1001 4224 1067 4309 vel
1087 4227 1281 4312 tantillum
1299 4231 1436 4328 auda,
1466 4229 1617 4314 Orbem
1637 4229 1687 4314 ab
1709 4229 1900 4342 Eliiptico
1923 4229 2045 4312 inPe·

401 4397 404 4404 ‚
577 4439 582 4446 ¹
756 4340 975 4424 rabolieunr
1008 4341 1120 4453 poffit
1151 4343 1390 4432 immutare?
1421 4345 1693 4432 Confirmatur
1722 4349 1842 4434 etiam
1875 4341 2045 4433 eundem

753 4453 831 4546 esse
852 4455 1018 4571 pomisse
1035 4487 1084 4546 eu
1109 4489 1192 4549 eoa
1215 4463 1328 4578 quod
1356 4465 1447 4550 tinni
1483 4477 1604 4570 1456.
1631 4468 1787 4562 aestate,
1819 4457 2046 4578 conspedtm

752 4575 875 4664 deerit
896 4577 1070 4669 Cometa
1090 4579 1235 4696 eodem
1263 4607 1367 4696 pene
1384 4581 1510 4672 modo
1532 4585 1638 4672 inter
1661 4586 1796 4701 Solem
1817 4589 1859 4670 de
1884 4589 2045 4670 Totam

750 4723 801 4763 ¹²³·
920 4713 928 4729 '
1941 4720 2047 4780 tran·
