4376 5694
746 644 820 724 574
945 615 1484 698 AsTrtoNoMrAE
1544 605 1891 692 PHYSIC'AE

749 769 832 854 aliae
853 791 940 848 curn
962 761 1065 846 Polo
1097 759 1246 844 australi
1279 787 1327 842 ex
1366 755 1539 842 tenebris
1574 751 1775 844 inlucem
1817 756 2057 871 prodeunt:

752 881 1066 988 contrariumque
1092 873 1159 958 fiet
1183 868 1346 958 semestri
1373 872 1486 985 post,
1514 867 1772 958 descendente
1802 871 1913 958 Luni·
1933 867 2059 955 Novi

691 1007 696 1012 ’
753 999 777 1084 i
802 992 938 1080 Limite
967 989 1115 1076 boreali
1139 1020 1151 1078 3
1190 988 1430 1072 boreaiiores
1458 1013 1599 1098 nempe
1627 989 1742 1072 Lunae
1773 1012 1901 1100 partes
1928 989 2060 1098 paula·

754 1105 824 1196 tim
841 1109 880 1188 in
901 1106 1027 1187 lucem
1059 1103 1080 1186 ὲ
1114 1101 1288 1186 tenebris
1324 1120 1569 1214 prorepent,
1620 1099 1714 1184 dum
1744 1101 1989 1186 austrasiores
2023 1101 2059 1180 in

757 1221 928 1307 tenebris
953 1213 989 1302 se
1013 1213 1273 1300 abscondunu
1325 1213 1591 1299 librationem
1617 1215 1718 1298 han'c
1752 1273 1766 1314 ‚
1812 1213 1889 1298 five
1926 1215 2060 1322 potius

623 1382 625 1386 ·
755 1335 893 1451 prioris
919 1330 1151 1415 Librarionis
1172 1329 1212 1412 in
1243 1329 1364 1414 latum
1395 1326 1552 1411 effeuus
1573 1323 1721 1426 hosce,
1757 1325 1781 1414 d
1807 1327 1893 1416 luce
1921 1329 2060 1426 Sosis,

757 1449 941 1561 adeoque
978 1441 1112 1554 Mense
1142 1445 1376 1557 Synodico,
1403 1441 1573 1556 pendere
1598 1443 1726 1554 palam
1756 1442 1826 1529 est.

1215 1615 1635 1729 Sertorium
1706 1597 1710 1600 ’

818 1785 877 1870 Ex
909 1735 1182 1897 P'ropofitione·
1200 1778 1274 1868 hac
1297 1805 1459 1897 apparet
1481 1841 1496 1884 ,
1526 1809 1643 1896 quarn
1662 1779 1913 1895 multiplicem
1939 1781 2061 1870 Lune-

701 1989 702 1992 r
762 1897 812 1988 ris
841 1899 965 1985 Giobi
991 1899 1255 1984 Librationem
1297 1899 1319 1982 ὲ
1349 1900 1505 1984 Tellure
1543 1894 2061 2013 spedatam‘stmpliciffimus

620 2099 623 2108 ,
762 2018 844 2122 'ejus
878 2039 1006 2098 motus
1033 2013 1133 2097 circa
1164 2012 1363 2128 proprium
1397 2012 1525 2096 Axem
1555 2015 1672 2124 Prop.
1709 2035 1821 2096 Νι.
1854 2008 2062 2124 descriptus

761 2127 956 2242 producat
982 2158 993 2206 ι
1027 2126 1296 2212 'precedentes
1318 2127 1425 2210 ¹enim
1449 2125 1681 2211 Librationis
1713 2123 1878 2238 species,
1906 2153 1976 2240 pro
2000 2150 2064 2209 va·

762 2246 823 2352 rio
856 2242 1064 2324 Lunarium
1089 2240 1277 2350 Apsidum
1305 2300 1318 2340 ‚
1357 2241 1570 2324 Nodorum
1592 2245 1631 2322 &
1662 2243 1765 2324 Solis
1792 2239 1893 2327 inter
1929 2236 1967 2324 se
1992 2238 2061 2322 srtu

679 2447 684 2454 l
764 2355 1006 2463 (exquibus
1029 2354 1232 2467 pendent)
1268 2355 1375 2464 varie
1395 2355 1521 2438 rnixtae
1546 2355 1586 2436 δι
1605 2354 1871 2453 combinatae,
1911 2355 2062 2438 intrica-

763 2463 937 2570 iiffimam
965 2472 1072 2554 istam
1096 2469 1362 2557 Librationem
1386 2474 1502 2574 Lunae
1532 2467 1583 2556 ab
1607 2470 1853 2558 Astronomis
1884 2465 2061 2555 observa·

764 2593 844 2669 'tarn
868 2605 1132 2694 componunu
1253 2587 1262 2612 '
1478 2603 1480 2608 ’

766 2693 774 2702 ’
821 2697 957 2808 Atque
986 2698 1066 2782 haec
1092 2696 1226 2782 omnia
1250 2689 1418 2783 fimiliter
1446 2691 1486 2781 in
1514 2693 1626 2809 Jovis
1659 2697 1700 2778 δι
1729 2694 1882 2784 Saturni
1918 2693 2064 2780 Satelli-

765 2810 870 2904 tibus
904 2811 1084 2894 obtinere
1109 2809 1321 2896 admodum
1352 2813 1404 2894 est
1430 2810 1668 2922 probabile,
1696 2809 1725 2894 fi
1752 2810 1911 2925 quidem
1926 2809 2066 2896 eodem

766 2921 919 3038 'prorsus
945 2924 1070 3007 modo
1096 2923 1300 3009 Primarios
1325 2918 1440 3020 hosce
1468 2927 1647 3012 Planetas
1676 2925 1916 3011 circumeunt
1944 2923 2066 3007 stmul-

768 3063 958 3149 querum
985 3039 1060 3122 illis
1088 3039 1188 3139 circa
1211 3041 1342 3123 Solem
1368 3037 1571 3139 seruntur,
1612 3039 1773 3150 perinde
1802 3068 1848 3125 ac
1874 3065 1962 3121 cum
1981 3037 2067 3122 Tel·

767 3145 853 3236 ture
878 3152 1018 3242 Luna-3·
1042 3152 1209 3264 &quod
1229 3152 1549 3239 evidentissimum
1571 3154 1668 3238 istud
1695 3158 1812 3239 Lunae
1843 3151 2067 3238 Phaenome-

760 3292 850 3384 ‘non
880 3263 930 3349 ab
953 3267 1061 3350 omni
1089 3294 1175 3349 aevo
1208 3263 1455 3351 observatum
1487 3267 1822 3367 decelebraturo,
1863 3265 2067 3380 (dequo

768 3381 1011 3491 Propeprae'c.
1032 3377 1145 3463 ini-tio
1170 3380 1371 3484 dictum)
1400 3377 1514 3491 quod
1535 3409 1675 3495 nempe
1687 3382 1852 3468 eandem
1877 3405 2068 3492 perpetuo

764 3495 920 3577 Faciem
946 3494 997 3578 ad
1028 3503 1184 3580 Terram
1209 3491 1412 3612 obversam
1434 3520 1572 3612 tenet,
1602 3497 1818 3608 jovialibus
1840 3497 1915 3579 istis
1941 3499 1986 3577 &
2010 3497 2069 3578 Su·

769 3607 903 3696 rurniis
929 3609 1044 3689 eriam
1065 3610 1288 3693 conveniat.
1342 3603 1602 3694 Observatum
1640 3612 1744 3696 enim
1773 3612 1827 3698 est
1861 3609 2068 3694 Comitum

765 3719 1035 3819 Saturnioru'm
1064 3724 1249 3806 extimum
1270 3735 1351 3830 r'urn
1378 3720 1500 3806 solum
1530 3717 1728 3834 conspici,
1774 3752 1862 3809 cum
1898 3724 2068 3832 Psanetae

761 3833 855 3926 huic
881 3832 1218 3920 adO'ccidenrem
1238 3836 1383 3947 positus
1408 3840 1460 3920 est
1476 3869 1493 3927 3·
1529 3836 1579 3921 ab
1607 3841 1773 3924 'Oriente
1797 3832 2069 3948 vero'semper

668 3975 670 3978 ·
764 3941 855 4056 curn
886 3949 1040 4033 latere:
1086 3948 1289 4036 verifimile
1313 3952 1368 4037 est
1391 3949 1437 4035 id
1460 3951 1554 4036 inde
1588 3955 1749 4038 evenire
1779 3949 1893 4064 quod
1929 3946 2067 4063 magni

761 4056 821 4141 'sui
847 4088 954 4174 parte
978 4059 1238 4162 obscuriorem
1270 4069 1294 4165 Δ(
1329 4067 1405 4149 hoc
1430 4065 1511 4164 est,
1546 4065 1676 4150 radios
1699 4066 1851 4152 Solares
1875 4065 2067 4176 undiqua-

766 4201 844 4284 que
877 4170 1032 4287 copiose
1059 4170 1145 4258 satis
1186 4206 1268 4280 non
1297 4179 1604 4290 ressedentem)
1652 4175 1889 4291 superficiem
1922 4178 2064 4261 habeat

759 4287 928 4376 ¹Satelles
954 4290 1052 4388 hic,
1094 4289 1187 4374 srcut
1212 4297 1251 4374 dc
1275 4299 1407 4396 nossrae
1431 4299 1548 4379 Lun‘ae
1576 4297 1615 4375 in
1646 4294 1882 4407 planitiebus·
1911 4283 2064 4404 quibus·

636 4475 639 4480 .
759 4397 858 4482 'darn
878 4399 966 4509 satie
995 4403 1132 4514 amplis
1154 4408 1375 4520 contingitr
1411 4419 1601 4522 quae'pars
1627 4402 1859 4504 obscurior,
1893 4433 1980 4489 cum
2012 4401 2064 4488 ad

757 4519 841 4610 '1¹08
861 4511 1046 4611 ‚conversa
1072 4519 1155 4617 est,
1186 4525 1290 4630 cerni
1311 4551 1361 4607 ne
1390 4533 1482 4624 uea't
1504 4547 1581 4631 prae
1606 4519 1765 4605 luminis*
1788 4521 1920 4603 reflexi
1943 4517 2064 4602 tenui·

755 4631 860 4760 itate.
916 4633 1100 4746 Cumque
1125 4635 1166 4721 in
1189 4636 1335 4749 Orbitae¹
1359 4552 1430 4723 siue
1461 4635 1584 4722 latere
1610 4635 1721 4750 quod
1745 4627 2061 4832 Orientemeppe·

1012 4779 1019 4794 '
1725 4777 1727 4780 ⁵
1870 4799 1877 4804 ·
1986 4769 2055 4843 ai,
