4346 5676
513 573 898 672 '1333
1584 603 1594 618 ‘

192 706 260 780 20.
290 687 369 775 Fiat
402 685 605 798 inpuntlo
630 682 670 770 C
698 686 854 798 angulus
877 680 979 770 AG
1005 688 1041 773 Τ
1070 706 1134 778 12.
1159 686 1271 803 grad.
1302 691 1341 778 id
1372 694 1426 783 est
1458 683 1618 834 Gon-Tel:
1792 685 1794 688 ’

133 807 288 920 aqualis
309 805 510 905 elevationi
535 803 651 902 Poli,
684 801 803 916 litque
826 807 866 888 C
883 803 923 890 A
939 795 1291 919 aequals'ustamiae
1310 797 1348 898 C
1366 818 1424 922 D,
1460 777 1506 836 H'
1521 775 1604 853 ΕΗ

137 951 275 1038 nempe
293 923 442 1038 aqualis
461 920 570 1006 radio
590 921 882 1033 AErpuirrotlialis.
1409 939 1412 944 ’

200 1065 261 1146 30.
293 1050 337 1128 In
364 1046 507 1156 pundo
537 1039 576 1126 Α
610 1042 774 1153 erigatur
796 1038 894 1126 linea
921 1042 961 1128 A
982 1047 1014 1128 E
1038 1045 1354 1160 perpendicularis
1376 1047 1427 1135 ad

136 1161 178 1243 C
206 1164 244 1248 A
262 1165 300 1245 in
320 1163 461 1272 punllo
485 1161 536 1244 Α.

197 1301 257 1380 40.
289 1287 334 1365 In
365 1278 576 1362 Meridiana
598 1282 637 1363 G
659 1281 701 1362 D
720 1273 882 1376 stmtatur
907 1279 1063 1394 aliquod
1088 1286 1265 1394 pundrun
1290 1291 1318 1367 F
1345 1280 1430 1368 satis

138 1425 330 1488 remotum
357 1397 409 1482 ab
431 1395 694 1507 ruqumouiali
718 1401 753 1480 T
776 1400 827 1495 S,
859 1403 899 1480 &
921 1426 991 1510 per
1014 1399 1091 1482 hoc
1107 1405 1286 1512 punitum
1309 1408 1338 1484 F
1360 1401 1431 1484 du-

141 1544 246 1605 catur
270 1513 430 1600 secunda
452 1513 550 1598 linea
574 1514 855 1626 AEquinouiaus
881 1519 921 1600 V
941 1521 984 1600 N
1006 1518 1181 1628 parallelo
1200 1519 1315 1629 priori
1334 1524 1369 1602 T
1390 1519 1429 1606 St

139 1637 305 1748 fiatque
330 1639 362 1718 E
388 1637 416 1713 F
439 1631 613 1743 parallelo
636 1631 742 1746 linere
767 1631 806 1714 Α
838 1633 899 1728 C,
930 1635 1001 1714 erit
1024 1660 1100 1745 que
1122 1639 1154 1718 E
1176 1643 1204 1721 F
1229 1636 1354 1719 radius
1375 1634 1434 1718 di·

141 1753 290 1838 uilionis
317 1751 424 1857 hujus
442 1743 609 1832 secunda
632 1747 737 1834 lureae
766 1749 1046 1861 AEquinoffialis
1065 1755 1105 1836 V
1124 1755 1187 1836 N:
1219 1780 1294 1866 qua
1318 1779 1433 1864 prop-

140 1899 198 1960 ter
214 1867 357 1979 sumpta
380 1890 486 1979 parte
504 1872 531 1948 F
552 1871 612 1962 H,
644 1866 776 1982 aquali
793 1865 858 1977 ipsr
877 1870 972 1964 EF,
1004 1872 1182 1978 punitum
1199 1875 1237 1951 H
1264 1895 1433 1953 centrum

140 1992 211 2076 erit
227 1988 353 2070 circuli
374 1980 608 2068 describendi
630 1987 670 2066 dc
689 1981 886 2065 dividendi
909 1982 947 2064 in
965 1985 1178 2095 quindenos
1201 1983 1340 2098 gradus
1357 1991 1433 2067 dcc.

206 2124 261 2212 50.
291 2097 427 2186 Divisl
451 2097 712 2212 AEquinocriali
735 2100 850 2211 priori
875 2099 913 2182 in
936 2103 1080 2212 pundiis
1106 2108 1174 2201 Ο,
1205 2107 1260 2202 Ρ,
1293 2107 1362 2216 Q
1384 2104 1433 2198 R,

141 2229 192 2322 S,
224 2229 263 2306 δι
295 2217 410 2303 alteri
433 2218 470 2300 in
496 2218 637 2328 pontus
662 2223 705 2314 1,
737 2224 797 2314 Κ,
829 2217 887 2315 L,
919 2221 989 2314 M,
1019 2223 1085 2317 Ν,
1123 2218 1306 2304 ducantur
1329 2221 1435 2303 lineae

143 2349 334 2426 Horarum
359 2341 376 2418 I
403 2341 463 2432 O,
488 2337 731 2452 KP,LQ
760 2335 876 2432 MR,
907 2337 1007 2420 NS.
1068 2336 1318 2436 LineaEA,
1348 2334 1435 2418 fiin

144 2461 278 2544 debito
298 2455 366 2538 srtu
383 2453 614 2550 collocetur,
645 2453 717 2535 en't
738 2452 828 2536 axis.
890 2455 1067 2564 Cetera,
1098 2476 1139 2538 ut
1157 2452 1325 2538 faciliora
1344 2481 1436 2565 pra-

146 2599 326 2662 termrtto.

204 2700 294 2776 Hoc
331 2688 547 2800 exemplum
574 2686 625 2772 dc
656 2689 831 2774 industria
858 2687 1017 2788 addidi,
1049 2713 1091 2774 ut
1117 2691 1272 2775 videant
1296 2691 1437 2772 tirones

145 2811 239 2926 quid
265 2807 480 2894 faciendum
506 2805 570 2904 srt,
601 2833 720 2916 quum
745 2806 892 2918 plurimi
921 2801 1075 2890 maximi
1104 2809 1247 2900 Circuli
1282 2834 1439 2891 concur-

146 2951 235 3129 punt
257 2929 298 3128 ip
313 2930 454 3127 punllgllo
478 2918 695 3125 seuhcpntro
717 2923 845 3125 aliqppo
877 2927 1091 3024 communi,
1122 2926 1229 3039 quod
1251 2953 1330 3010 non
1350 2921 1439 3008 faci·

164 3075 186 3132 e
209 3074 248 3129 ιιι
300 3069 364 3130 ato
431 3069 505 3127 ano
562 3068 584 3124 a
612 3067 666 3125 err
696 3066 788 3154 pote

741 3237 841 3318 VI.

149 3436 331 3526 Verricale
363 3431 603 3544 Horologium
630 3429 858 3528 Orientale,
899 3439 943 3512 irr
967 3427 1087 3512 Plano
1117 3425 1343 3512 Meridiarti
1361 3432 1442 3511 ¹tir·

159 3555 164 3568 '
353 3557 451 3650 culi,
479 3575 548 3663 prr
570 3549 661 3631 data
694 3545 781 3630 Poli-
803 3550 1004 3631 altitudine
1035 3550 1229 3633 delineare.

219 3771 275 3842 10.
303 3747 476 3833 Ducatur
495 3740 544 3827 ad
564 3739 731 3828 libellam
756 3743 855 3826 linea
879 3740 1136 3826 Horizontalis
1156 3743 1196 3825 D
1219 3745 1272 3840 E,
1304 3741 1342 3822 in
1367 3759 1444 3850 qua
1474 3760 1528 3838 ng.
1548 3769 1578 3828 4·

151 3871 208 3961 ad
238 3857 428 3976 arbitrium
462 3859 660 3947 aliumatur
688 3867 865 3974 punitum
889 3861 908 3942 1
938 3889 1010 3972 pro
1034 3859 1136 3942 Pede
1157 3861 1253 3974 Scyll
1265 3919 1278 3960 ,
1309 3862 1443 3966 &pro

154 3993 298 4106 puncto
325 3984 406 4068 veri
427 3981 543 4066 Ortirs
566 3977 675 4065 Solis.
735 3985 874 4079 (unum
906 3979 1006 4062 enim
1030 3975 1105 4061 fine
1132 3977 1252 4066 altero
1281 3970 1344 4059 hic
1370 3969 1445 4057 elle

153 4137 209 4193 ne
238 4130 303 4189 rut.

105 4238 120 4293 ἱ
210 4135 284 4316 (ἑο.
311 4111 393 4306 >Fiat
417 4219 454 4300 in
462 4220 607 4329 puncto
624 4218 644 4301 1
664 4217 819 4331 angulus
842 4218 1131 4332 KIEaequalis
1150 4213 1353 4304 elevationi
1373 4215 1447 4296 Po-

153 4345 186 4432 li
213 4345 332 4437 datar,
363 4335 540 4420 ducendo
564 4363 702 4446 nempe
726 4336 862 4420 lineam
880 4337 947 4422 KI
968 4339 1032 4441 C,
1064 4365 1146 4450 quae
1168 4337 1309 4420 diuum
1330 4357 1449 4442 angu-

83 4506 86 4514 ·
156 4463 242 4547 lum
271 4455 437 4552 efficiat,
475 4457 514 4535 δι
547 4447 787 4541 observando
811 4479 854 4540 ut
878 4459 1055 4568 punitum
1080 4463 1115 4546 K
1139 4478 1273 4573 vttgat
1297 4449 1347 4568 ad
1375 4447 1448 4528 Po-

155 4584 253 4670 lum.
313 4577 430 4662 Linea
453 4581 488 4658 K
511 4571 637 4656 Cerir
657 4567 878 4690 subliylaris.
923 4639 931 4650 .

168 4701 177 4726 '
224 4695 386 4814 Apperd.
413 4688 568 4811 Gregorg
596 4691 697 4811 ΑΛΓ.
948 4689 1098 4778 *mil
1294 4711 1364 4794 30:
1378 4697 1451 4782 Per
