4420 5692
328 645 372 715 O
410 635 801 713 GEOMETRICAE
835 635 1173 712 ELEMENTA.
1211 639 1296 712 [ιι.
1334 635 1403 710 JV.
1477 660 1548 734 433

247 799 350 862 terea
381 776 404 860 a
435 783 540 863 redo
570 778 722 861 tramite
750 776 932 860 deflectet
956 775 995 858 in
1021 774 1097 859 illis
1128 757 1244 888 quarn
1271 775 1310 854 in
1343 765 1457 856 hisce.
1484 771 1551 852 Sa-

243 893 376 976 tellitis
398 893 515 1002 igitur
543 893 620 974 Via
646 894 802 975 curvior
830 889 948 974 estin
979 888 1235 1003 Qtadraturis
1261 917 1282 972 c
1309 891 1349 970 dc
1382 911 1409 969 o
1436 911 1553 996 quam

242 1004 282 1088 in
317 1004 542 1117 Syzygiisu
571 1008 612 1088 δι
645 1030 687 1088 o.

639 1174 1142 1268 Cortouunuwur.

299 1348 358 1429 Ex
387 1342 574 1457 praedictis
597 1338 767 1457 sequitur
796 1342 1012 1428 satellitem
1052 1369 1103 1442 L,
1140 1342 1327 1454 (caeteris
1360 1336 1515 1456 paribus
1533 1335 1551 1444 )
1569 1365 1724 1427 mmm

241 1457 397 1571 longius
434 1457 618 1544 recedere
651 1461 675 1541 a
707 1458 893 1541 Primario
930 1459 1031 1540 rin
1066 1456 1321 1568 Qtadraturis
1353 1480 1470 1567 quarn
1505 1452 1547 1532 in
1584 1445 1642 1523 ‘³8¹
1661 1469 1690 1509 ²·

241 1575 431 1684 Syzygiis.
491 1576 582 1655 Hoc
622 1574 737 1684 padio
776 1571 960 1656 Satellitis
1002 1573 1146 1656 Orbita
1187 1574 1287 1654 circa
1329 1568 1554 1652 Primarium

241 1689 424 1796 Elliptica
449 1684 556 1799 quast
583 1684 651 1783 fit,
686 1687 794 1791 cujus
817 1707 997 1783 centrum
1020 1685 1221 1768 Primarius
1247 1707 1448 1798 occupatr
1474 1709 1552 1763 ma-

240 1800 303 1904 jor
335 1799 431 1883 Axis
462 1794 665 1907 Quadrata
696 1799 801 1886 Solis
833 1801 1058 1902 interjacet,
1098 1799 1229 1883 minor
1258 1797 1472 1909 Syzygias:
1501 1797 1553 1880 fic

242 1912 346 1994 enim
377 1912 518 1995 Orbita
549 1913 707 1995 curvior
736 1916 789 1996 cst
820 1913 899 1996 illic
925 1939 1044 2025 quam
1078 1912 1156 1995 hic.
1210 1913 1347 2024 Atque
1372 1937 1552 2023 augurem
1642 2021 1645 2027 Ι

243 2048 327 2108 tum
358 2025 566 2109 celeritatis
596 2026 781 2109 Satellitis
810 2054 936 2139 prope
971 2027 1153 2137 Syzygias
1183 2021 1374 2108 diversum
1408 2048 1481 2108 eut
1510 2025 1553 2106 in

243 2138 385 2221 Orbita
411 2139 509 2236 hac,
534 2135 586 2222 ab
604 2139 682 2222 illo
708 2141 821 2252 quod
848 2136 973 2223 suillet
999 2143 1039 2221 in
1072 2139 1213 2223 Orbita
1238 2138 1411 2222 circulari
1431 2141 1548 2252 Prop,

242 2278 356 2364 praec.
390 2254 483 2363 quia
508 2253 581 2333 Vis
613 2276 658 2334 ut
687 2278 719 2335 Μ
747 2277 777 2335 n
801 2251 987 2336 Satellitis
1028 2273 1182 2337 motum
1215 2253 1463 2336 accelerantis
1483 2276 1555 2337 aur

243 2363 474 2448 retardantis
497 2363 658 2447 directio
682 2364 757 2450 alia
780 2367 834 2449 est
863 2368 902 2449 in
937 2366 1063 2463 hanc,
1088 2368 1163 2448 alia
1192 2367 1231 2448 in
1261 2368 1382 2448 illam.

166 2507 169 2512 ·
299 2481 399 2580 Quae
431 2478 494 2559 hic
525 2474 750 2562 dictasunt
786 2480 840 2563 de
881 2480 1017 2590 Figura
1048 2480 1196 2563 Orbitae
1232 2481 1414 2562 Satellitis
1451 2479 1553 2562 circa

241 2589 467 2674 Primarium
503 2589 688 2673 obtinent
724 2614 903 2688 tantum,
940 2588 1353 2687 fi,exc1uslaoione
1393 2591 1465 2673 Vis
1484 2620 1550 2672 ex-

243 2729 382 2788 trancae
397 2705 522 2800 Solis,
552 2705 631 2806 ejus
647 2702 788 2790 Orbita
810 2704 917 2789 foret
935 2703 1119 2786 Primario
1136 2703 1416 2787 Concentrica.
1441 2705 1554 2785 Nam¹

243 2816 271 2901 st
305 2817 531 2900 Excentrica
561 2814 640 2914 stt,
684 2815 768 2900 fieri
807 2818 933 2931 potest
966 2839 1011 2898 ut
1053 2815 1216 2900 Satelles
1266 2836 1291 2898 L
1344 2842 1414 2926 per
1447 2818 1556 2899 hanc·

242 2930 580 3022 Excentricitatem
598 2930 753 3043 longius
777 2928 875 3014 abfit
897 2925 1121 3013 aiPrimario
1141 2957 1198 3029 r,
1228 2932 1269 3011 δι
1286 2955 1333 3014 ex
1358 2930 1428 3013 illo
1445 2924 1552 3041 spec-

244 3043 507 3128 tatustarclius
537 3066 744 3127 moveatur
776 3045 817 3127 in
848 3044 1025 3155 Syzygiis
1044 3068 1162 3154 quam
1195 3046 1235 3124 in
1262 3040 1517 3143 Quadraturis
1536 3065 1557 3131 ς’

243 3184 332 3242 cum
354 3180 494 3268 nempe
514 3156 676 3240 Satelles
695 3156 881 3270 Apsrdem
902 3154 1084 3239 summam
1108 3158 1148 3238 in
1165 3155 1457 3262 Conjundtione
1482 3154 1556 3237 vel

136 3263 138 3270 ⁴
244 3269 505 3382 Oppofitione
524 3295 613 3352 curn
631 3271 724 3354 Sole
744 3266 959 3356 versantem
984 3293 1106 3354 tenet.
1156 3268 1234 3353 Sed
1271 3274 1312 3351 dc
1340 3270 1403 3352 hic
1432 3271 1550 3353 etiam

241 3380 352 3495 supra
368 3382 627 3467 demonstrata
645 3382 777 3468 locum
794 3383 1021 3480 habebunt,
1054 3383 1198 3467 cacteris
1224 3382 1379 3496 paribus
1396 3417 1409 3472 ς
1448 3384 1549 3465 cele·

241 3497 320 3579 rius
342 3496 445 3578 enirn
461 3519 622 3605 propter
635 3495 775 3579 didam
795 3497 889 3581 Vim
912 3519 956 3577 ut
990 3522 1021 3577 u
1050 3520 1081 3579 tv
1117 3496 1342 3580 movebitur
1387 3500 1549 3581 Satelles

241 3612 359 3806 ptiam
388 3633 482 3802 tpnc
498 3608 521 3706 ‚'
552 3611 592 3688 δι
624 3610 783 3718 propius
815 3609 866 3693 ad
898 3611 1122 3695 Primarium
1152 3609 1316 3712 accedet
1348 3637 1467 3724 quam
1482 3614 1549 3697 ab·

286 3749 335 3806 uc
378 3724 404 3803 il
421 3742 457 3803 a.
845 3763 849 3770 ·

258 3752 481 3918 qPraedieta
515 3827 664 3918 Orbita
694 3830 877 3918 Satellitis
905 3829 1025 3944 ligura
1049 3834 1229 3944 Elliptica
1261 3835 1300 3918 in
1340 3836 1447 3922 Luna
1471 3836 1551 3921 ani·
1629 3891 1635 3902 -

243 3942 443 4032 madverla
474 3946 547 4030 fuit
572 3945 621 4029 ab
653 3945 880 4031 Acutiffimo
909 3949 1148 4031 Astronomo
1176 3942 1249 4024 Ed.
1279 3945 1455 4045 Helleio,
1481 3952 1556 4062 qui'

243 4062 366 4147 Anno
399 4069 504 4169 1679
535 4059 649 4157 illam
675 4061 841 4172 publico
872 4060 1175 4142 communicavit
1206 4061 1347 4171 primus
1380 4062 1420 4144 in
1458 4069 1553 4149 Tra.

246 4180 346 4260 &atu
381 4174 433 4258 de
466 4169 694 4290 Qibujdam
729 4170 899 4253 Lanaris
938 4169 1095 4252 Tharria
1122 4167 1427 4254 Emendatiomm
1450 4175 1552 4287 spec.

195 4348 198 4356 ·
243 4288 423 4372 rantibus.
482 4267 561 4368 Sed
590 4290 630 4367 dc
663 4285 771 4369 idern
799 4284 822 4368 ai
848 4288 903 4369 D.
946 4286 1091 4365 Picard
1117 4288 1194 4389 jam
1231 4287 1323 4369 inde
1358 4289 1408 4370 ab
1444 4316 1552 4376 anno
1660 4371 1662 4378 ,

249 4412 356 4495 1668
387 4392 691 4486 animadversum
724 4401 880 4484 testatur
904 4399 1111 4482 Academia·
1138 4394 1389 4486 Scitntiarm
1431 4399 1554 4484 Galli·

245 4543 289 4596 τι
311 4513 481 4624 Historia
509 4517 631 4598 Anno
667 4523 773 4654 1o98
801 4511 928 4600 odito·

910 4738 952 4835 Α
976 4760 1003 4850 3.
