4376 5694
733 647 806 742 ‘556
926 624 1938 717 as·rn‘oururrra·rnrr1tz·

539 765 773 910 {effigurat
796 813 814 867 s
834 807 865 866 u
898 785 1021 888 major
1051 780 1095 864 ut
1129 780 1196 862 vet
1231 777 1387 889 aequatrs
1421 775 1722 861 semitrametrrs
1755 775 1857 858 sous
1891 777 1936 858 a
1974 776 2042 858 tu

609 871 646 942 ᾧ
683 887 694 908 ’
734 928 791 981 nce
820 897 1091 1012 apparentibus
1126 920 1189 975 s-tt
1221 895 1260 973 &
1288 918 1329 973 'u
1347 917 1375 972 n
1421 887 1553 987 simul,
1592 915 1676 974 turn
1709 889 1855 974 nullam
1888 887 2039 1002 prorsus

726 1013 896 1098 *futuram
931 1010 1131 1124 proposito
1157 1005 1370 1118 spectatori
1388 1003 1491 1087 Solis
1520 1002 1717 1116 Eciipfinr
1749 1003 1802 1086 srn
1828 1029 1897 1086 sn
1925 1032 2038 1118 quam

731 1154 791 1212 su
827 1131 866 1207 &
898 1149 978 1207 un
1014 1123 1120 1206 timul
1148 1119 1263 1204 fuerit
1298 1119 1457 1215 minor,
1499 1142 1583 1202 tum
1621 1122 1791 1232 aliquam
1821 1114 1960 1202 saltem
1985 1120 2038 1202 fu·

731 1236 866 1325 tur'am.
927 1238 1005 1322 Sed
1034 1237 1083 1322 ad
1112 1235 1192 1319 dari
1217 1233 1359 1316 Mensis
1386 1233 1648 1317 Novilunium
1673 1237 1834 1317 inventa
1864 1233 1921 1314 est
1946 1263 2035 1330 su,

731 1361 773 1438 δι
806 1355 888 1462 (ἱο
925 1348 1056 1448 iisdem
1094 1350 1290 1465 partibus,
1331 1375 1472 1460 nempe
1507 1347 1683 1460 partibus
1708 1345 1899 1454 circuli)
1932 1344 2036 1461 supra

733 1471 996 1552 determinata
1027 1461 1112 1550 sunt
1159 1463 1262 1546 Solis
1306 1463 1501 1573 Lunaeque
1545 1463 1737 1545 Diametri
1774 1487 2034 1572 apparentest

733 1582 839 1668 unde
866 1582 1071 1674 definietur
1100 1607 1193 1661 num
1227 1575 1307 1659 dari
1337 1578 1476 1666 Mentis
1507 1575 1771 1662 Novilunium
1799 1579 1966 1662 iutururn
1992 1572 2035 1659 fir

620 1770 648 1796 .,
735 1697 965 1807 Eclipticum
995 1723 1131 1777 necne.

790 1813 833 1894 Si
865 1812 994 1922 aliqua
1020 1807 1147 1890 futura
1167 1806 1235 1889 'est
1251 1863 1264 1903 ,
1297 1804 1345 1887 ad
1364 1806 1445 1919 ejus
1477 1809 1748 1907 Quantiratem
1782 1805 2034 1890 determinan-

738 1927 827 2012 dam
875 1925 1099 2034 advertatur
1143 1920 1217 2003 csse
1254 1949 1278 2002 -s
1304 1946 1330 2000 tt
1364 1925 1404 2001 &
1438 1945 1521 2002 Mu
1557 1922 1664 2006 simui
1689 1924 1856 2032 aequales
1897 1947 1963 2003 ns
1995 1921 2033 1997 &

739 2065 810 2126 uu
854 2037 960 2122 fimut
977 2069 1001 2142 :f
1020 2038 1060 2119 Si
1091 2063 1186 2146 ergo
1216 2034 1238 2117 t
1266 2057 1363 2117 nota
1387 2029 1530 2117 summa
1561 2026 1940 2122 semidiametrorum
1963 2033 2033 2115 Su·

739 2157 785 2239 lis
821 2157 1014 2262 Lunaeque
1043 2147 1236 2234 auferatur
1268 2173 1386 2232 notus
1418 2174 1527 2232 arcu-s
1560 2176 1653 2247 su,
1690 2150 1929 2260 relinquetur
1960 2171 2031 2227 uu

738 2267 931 2352 Diarnetri
968 2266 1112 2349 Solaria
1141 2290 1227 2376 pars
1259 2261 1410 2346 tettan
1447 2268 1557 2345 Luna
1585 2287 1761 2374 tempore
1792 2258 2033 2346 Obscuratio·

724 2382 803 2492 [nis
831 2382 1029 2476 maxima,
1059 2405 1147 2492 quae
1176 2376 1225 2460 ad
1258 2376 1416 2487 Digitus
1453 2379 1656 2490 Digitique
1688 2399 1818 2486 partes
1844 2376 1959 2460 facile
1983 2400 2032 2456 re·

655 2519 657 2522 ·
741 2495 923 2614 fiuntur,
970 2521 1058 2575 cum
1101 2491 1203 2574 Solis
1243 2493 1445 2576 Diameter
1490 2497 1636 2603 integra
1674 2494 1715 2573 &
1745 2517 1833 2603 pars
1870 2489 2030 2576 teitain

739 2606 874 2696 iisdem
909 2608 1077 2721 partibus
1115 2602 1291 2717 expreffae
1328 2605 1554 2688 habeantur.

804 2716 1087 2805 Observatinne
1132 2742 1263 2802 autem
1304 2721 1451 2802 constat
1485 2724 1601 2803 Lunae
1642 2715 1887 2802 Diametrum
1927 2737 2033 2826 appa·

742 2863 894 2923 rentem
935 2835 1126 2917 minorem
1155 2829 1230 2914 effe
1267 2833 1380 2940 (vel
1407 2833 1510 2916 forte
1543 2833 1654 2918 solist
1681 2834 1925 2916 Diametrum
1965 2853 2034 2909 nu·

742 2943 906 3057 iorem)
939 2949 979 3028 in
1009 2944 1111 3029 Solis
1149 2943 1286 3058 Eclipst
1316 2973 1433 3058 quarn
1477 2949 1514 3029 in
1560 2945 1697 3029 eadem
1730 2946 1783 3029 ab
1822 2944 1954 3027 Oculo
1977 2933 2036 3022 dis·

743 3065 869 3149 tantia
911 3086 1020 3145 ert-tra
1050 3060 1186 3158 iilam,
1226 3065 1427 3172 (propter
1457 3062 1647 3143 rationem
1686 3064 1800 3173 Prop.
1834 3083 1920 3142 tux.
1957 3053 2035 3138 Lib.

749 3201 788 3267 .1.
825 3173 1054 3272 indicatam,
1084 3174 1102 3283 )
1136 3198 1255 3286 atque
1279 3173 1535 3259 differentiam
1568 3170 1643 3256 eise
1670 3169 1751 3256 fere
1778 3166 2038 3282 sexagesrmant

743 3317 896 3404 partem
927 3288 1120 3372 Diametti
1155 3291 1347 3399 integra:
1390 3292 1515 3392 Hujus
1550 3311 1646 3398 ergo
1682 3283 1948 3368 Cotrectionis
1980 3283 2039 3364 ha·

742 3406 883 3488 benda·
908 3405 962 3487 est
990 3403 1094 3487 ratio
1127 3400 1167 3484 in
1213 3401 1369 3516 Eclipsrs
1402 3400 1634 3511 Qantitate
1666 3394 1939 3520 Phastbusque,
1955 3390 2041 3478 defi·

746 3520 911 3603 niendis.
1478 3587 1485 3596 .
1977 3553 1979 3558 ¹

633 3660 686 3740 aig.
704 3675 753 3733 5.·
807 3631 984 3728 Tandem
1018 3631 1069 3714 ad
1109 3624 1443 3714 determinandum
1484 3635 1581 3716 Tem
1609 3657 1655 3714 us
1689 3655 1771 3742 quo
1806 3628 1920 3709 Lunae
1958 3649 2041 3707 cen-

746 3772 850 3831 rrum
898 3749 938 3829 in
976 3773 1007 3834 u
1028 3747 1270 3858 reperietur,
1314 3739 1537 3829 advertatur
1569 3660 1651 3827 citri
1675 3767 1826 3858 tempus
1862 3739 2042 3850 (quippe

748 3856 1019 3972 assumptum)
1068 3887 1150 3970 quo
1205 3859 1311 3941 Luna
1355 3881 1464 3942 motu
1504 3855 1572 3942 suo
1604 3855 1627 3939 ὲ
1660 3859 1755 3941 Sole
1799 3847 1883 3936 viso
1923 3851 2043 3963 (five

748 3983 987 4087 apparente,
1030 3968 1248 4083 compofito
1269 3974 1407 4082 partim
1445 4000 1493 4054 ex
1522 3997 1633 4054 motu
1660 3973 1776 4054 Lunae
1808 3993 1936 4065 vero,
1973 3993 2045 4079 par·

651 4105 658 4144 ³
751 4089 821 4170 tint
853 4115 901 4170 ex
933 4089 1016 4191 ejus
1049 4109 1161 4168 motu
1194 4088 1394 4196 apparenti
1428 4115 1476 4169 ex
1509 4085 1693 4170 Parallaxi
1723 4081 1855 4186 otro)
1883 4083 1968 4165 Viae
1994 4081 2046 4160 vi·

746 4196 790 4282 sae
827 4225 901 4284 nu
939 4227 1088 4311 partem
1119 4221 1254 4293 notatu
1285 4225 1311 4278 n
1332 4225 1384 4294 rr,
1421 4198 1500 4294 five
1533 4201 1663 4312 potius
1697 4197 1892 4309 Eclipticae
1918 4217 2046 4277 arcum

752 4339 894 4396 notum
925 4336 1004 4396 ct>
1039 4312 1249 4421 percurrit,
1287 4311 1448 4427 darique
1477 4339 1661 4427 praterea
1691 4339 1823 4396 arcutn
1861 4335 1888 4391 A
1906 4335 1960 4405 tu,
1995 4306 2048 4388 ni·

749 4427 886 4509 mirum
921 4453 1077 4510 arcuum
1115 4427 1360 4536 cognitorum
1398 4456 1425 4508 rt
1445 4451 1475 4510 Ν
1501 4433 1541 4509 &
1575 4454 1604 4513 u
1624 4449 1654 4508 Ν
1685 4422 1866 4510 summam
1891 4423 1956 4506 vel
1979 4417 2048 4502 dif-

748 4540 977 4627 ferentiamr
1007 4537 1110 4622 unde
1136 4566 1184 4620 ex
1212 4541 1392 4651 analogia
1420 4539 1575 4625 dabitur
1604 4565 1754 4652 tempus
1775 4533 2049 4632 neceffarium',

748 4679 794 4750 ut
828 4658 937 4742 Luna
970 4677 1082 4753 motu
1110 4648 1179 4737 suo
1216 4651 1358 4752 &Sele
1386 4651 1469 4746 viso
1499 4676 1696 4769 percurrat
1724 4680 1752 4735 rt
1773 4678 1842 4733 u:
1877 4647 1956 4734 Sed
1986 4647 2052 4729 da·

1190 4799 1193 4806 ⁴
1988 4785 2049 4843 tut
