4336 5692
241 623 287 707 ‘e
320 607 726 708 oaouartrca
756 623 1098 702 arantum.
1134 627 1218 700 tn.
1258 627 1298 704 ν.
1393 632 1466 718 nr

2 767 11 822 Γ
62 725 65 741 ⁸
173 790 398 849 nontamen
431 767 500 874 mii
522 792 614 877 pm
635 768 701 850 itta
721 766 837 874 disci,
878 798 954 879 qua
989 769 1100 864 nostri
1135 766 1292 877 respeiitt
1315 771 1369 848 cir
1395 796 1463 848 tru-
1602 771 1608 782 '

3 889 6 938 ῑ
171 883 322 965 ritum,
372 879 418 970 ά
444 880 591 992 quidem
624 887 669 959 in
693 881 814 962 eadent
847 880 1025 988 nobiscnm
1058 877 1104 971 ά
1129 911 1209 960 rum
1240 878 1324 961 Sole
1349 885 1464 988 plano

177 993 329 1096 existit.
350 991 474 1074 radios
500 994 555 1076 ad
582 997 722 1077 trulum
747 993 903 1097 nostrum
924 994 1080 1102 restettit
1091 1050 1108 1092 ‚
1145 995 1370 1108 reliquitur
1398 989 1485 1088 ada,

175 1103 278 1208 verso
308 1099 354 1196 ἀ
384 1102 410 1185 ἱ
435 1107 551 1188 latere
571 1102 718 1188 Cometa
742 1104 817 1188 alii
840 1109 1052 1217 repercufflt.

233 1219 444 1301 Cometatn
469 1213 651 1330 spedanti
675 1219 813 1332 opinio
844 1222 1008 1330 primum
1023 1235 1242 1306 oeeuttent
1270 1218 1323 1303 est
1361 1220 1466 1305 Cau·
1503 1259 1506 1268 ·

176 1327 267 1414 darn
296 1327 320 1412 ai
351 1330 413 1414 Ca
442 1331 496 1415 ite
528 1334 633 1415 oriri.
693 1336 827 1444 Atque
849 1335 932 1417 itaec
955 1335 1009 1416 est
1032 1334 1180 1447 Opinio
1206 1331 1467 1418 vetustiffitno·

177 1467 263 1527 tunt
291 1358 613 1556 Philoiophorum
637 1440 825 1556 ipsiusque
849 1443 1083 1550 Art‘ssotelr’s,
1114 1448 1182 1558 qui
1208 1445 1386 1536 Caudam
1410 1444 1469 1527 di·
1643 1407 1650 1450 Χ

176 1556 235 1642 xit
265 1580 453 1668 vaporem
476 1558 596 1667 longe
621 1557 874 1657 tenuiffimum
903 1585 952 1642 rx
971 1561 1113 1669 Capite
1136 1585 1296 1652 ortum,
1323 1552 1389 1641 sed
1408 1583 1472 1639 ac.

26 1719 29 1724 ·
180 1664 333 1752 censum
356 1666 460 1752 hunc
482 1671 624 1754 voluit.
682 1669 942 1780 Sagaeiffitnus
967 1673 1018 1754 Dr
1036 1666 1198 1751 Hookius
1217 1700 1264 1753 ex
1292 1673 1475 1755 Cometa

177 1780 412 1894 inspectione
439 1775 662 1893 sequentem
689 1783 928 1894 excogitavit
960 1784 1172 1868 Cometant
1197 1777 1352 1895 ejusque
1371 1787 1473 1865 Cau·
1588 1839 1596 1852 ·

178 1892 271 1980 dam
302 1893 524 2004 explicandi
547 1898 767 1993 tationem,
793 1897 834 1979 in
863 1889 1011 1977 (intera
1037 1896 1118 1980 An.
1170 1905 1274 2002 1⁶78
1303 1889 1474 1976 Londinr'

178 2008 301 2095 edito.
361 2009 457 2090 Vuit
473 2009 684 2096 Cometanr
699 2009 790 2114 oriri
813 2006 834 2089 ti
854 2011 1013 2093 Planeta
1033 2065 1046 2105 ,
1070 2009 1177 2114 cujus
1201 2009 1368 2121 grauitas
1387 2034 1480 2090 ver--

117 2161 124 2174 ·
178 2120 241 2207 sus
266 2145 441 2207 centrum
477 2117 577 2205 circa
606 2119 718 2234 quod
753 2122 859 2232 prius
881 2116 1083 2206 rotabatur
1114 2121 1300 2204 destructa
1326 2123 1379 2206 est
1402 2144 1477 2233 per

179 2260 333 2322 motum
355 2234 556 2344 quendam
587 2233 806 2342 intestinum
834 2235 1031 2347 partium,
1058 2234 1175 2347 (quo
1192 2263 1332 2346 corpus
1362 2231 1474 2320 ardet

180 2349 454 2459 flammamque
472 2347 699 2446 annulatur,
718 2346 736 2458 )
762 2350 803 2429 δὲ
817 2347 886 2460 qui
905 2344 1071 2460 proinde
1085 2343 1159 2431 suit
1178 2341 1329 2432 sedibus
1347 2341 1480 2431 excas-¹

179 2458 226 2547 fit
254 2461 294 2544 in
316 2466 416 2544 retra
440 2483 625 2569 tangente
648 2456 827 2544 Orbitant
861 2459 902 2542 in
959 2464 1077 2546 unito
1107 2463 1146 2543 in
1189 2489 1271 2576 quo
1299 2455 1475 2544 versaba-

183 2600 271 2669 tur,
299 2600 388 2658 cunt
418 2572 518 2656 diua
547 2574 711 2658 mutatio
733 2572 902 2683 persocia
924 2489 1010 2655 stitit.
1069 2572 1195 2658 Unde
1215 2597 1318 2657 trans
1334 2573 1475 2657 athera
1550 2641 1552 2646 .

26 2705 31 2712 ·
181 2692 314 2773 vectus
340 2687 379 2768 in
400 2688 519 2770 Recta
554 2685 662 2794 (nist
690 2686 802 2799 quod
822 2690 985 2802 propter
1009 2687 1208 2794 materiam
1230 2683 1359 2771 uersus
1385 2711 1474 2768 cen-

182 2825 284 2886 trum
307 2799 498 2916 positam,
524 2797 603 2886 iivo
627 2801 833 2898 intimam,
857 2827 942 2914 qua
970 2803 1227 2886 mutationem
1252 2799 1353 2884 hanc
1376 2824 1479 2882 non-

180 2916 277 2999 dum
303 2917 419 3026 plene
447 2908 591 3012 subiit,
616 2913 898 3027 aliquantulum
919 2910 1047 2998 versus
1078 2915 1211 2996 Solem
1234 2911 1478 3018 incurvetur)

183 3025 234 3114 fic
264 3049 432 3110 mutatus
466 3027 626 3112 Planeta
651 3082 665 3124 ,
713 3031 793 3132 ejus
818 3049 945 3138 partes
968 3027 1024 3112 ab
1048 3027 1189 3111 aethete
1235 3031 1253 3126 (
1284 3047 1326 3110 ut
1351 3019 1403 3109 sal
1426 3021 1480 3106 ab

183 3167 314 3252 aqua,
337 3139 495 3222 aliudve
527 3138 699 3251 quodvis
725 3137 748 3223 a
771 3140 933 3254 proptio
965 3141 1195 3247 menstruo)
1221 3134 1483 3224 diffolvuntur

183 3260 227 3339 &
252 3254 292 3336 in
318 3253 425 3334 ilium
458 3250 615 3336 abeunt.
672 3255 825 3349 Porro,
858 3275 986 3365 partes
1016 3254 1074 3336 hat
1098 3253 1248 3337 extimae
1276 3251 1325 3333 stc
1353 3275 1478 3333 mutae

181 3390 233 3451 tar
256 3391 337 3448 non
363 3388 514 3448 tantum
539 3365 769 3474 gravitatem
801 3360 1035 3464 amiserunt,
1060 3356 1139 3468 sed¹
1154 3367 1195 3447 &
1222 3383 1342 3475 porto
1368 3363 1480 3446 leves

185 3479 291 3566 saeta
315 3474 399 3560 sunt
412 3478 513 3562 Solis
534 3472 741 3585 respeeiur
789 3478 868 3560 hoc
898 3478 984 3575 est,
1023 3478 1157 3563 Solem
1182 3476 1344 3588 fugiunt.
1389 3476 1481 3556 Un-

185 3595 237 3678 de
262 3619 350 3676 cum
383 3592 423 3674 in
454 3589 595 3674 aethere
626 3584 902 3676 absorbeantur
921 3592 963 3671 ἂ
978 3589 1019 3672 itt
1042 3590 1164 3689 altum
1193 3589 1412 3686 tollantur,
1437 3589 1478 3668 &

187 3706 296 3792 stmui
329 3703 462 3787 Solem
483 3701 661 3814 fugiant,
703 3701 898 3817 panicula
922 3701 979 3784 hae
1014 3693 1135 3814 igneae
1159 3696 1321 3814 speciem
1345 3729 1420 3813 prae
1442 3694 1500 3783 se·

188 3815 313 3905 ferent
339 3819 630 3900 innumerorum
672 3818 931 3926 projeoiotum
976 3815 1150 3927 turdique
1184 3811 1285 3898 recia
1320 3840 1368 3897 ex
1399 3816 1482 3894 Co·

188 3957 300 4016 metat
324 3929 464 4015 nucleo
499 3929 755 4027 exeuntittm,
789 3932 830 4011 &
860 3920 988 4011 versut
1017 3930 1200 4039 puneium
1224 3922 1483 4036 longinquum

188 4043 274 4129 Soii
299 4041 518 4152 oppositum
548 4041 723 4152 gravium
741 4072 753 4132 r
786 4037 960 4151 ideoque
976 4037 1077 4151 (per
1089 4041 1346 4124 demonstrata
1363 4035 1384 4119 ai
1400 4034 1484 4116 Tor-

189 4159 327 4241 riceiio
354 4156 579 4266 Propmxx.
616 4148 709 4234 Lib.
747 4178 800 4237 ιι.
837 4149 882 4231 de
904 4147 1009 4234 Mor.
1039 4150 1285 4265 Prejecior.)
1318 4144 1483 4262 speciem

218 4272 362 4354 tabent
388 4269 589 4354 Conoidir
612 4264 859 4365 Parabolici,
888 4266 993 4369 cujus
1023 4267 1105 4350 attis
1134 4267 1186 4350 eu
1215 4267 1254 4350 in
1286 4269 1389 4349 tedia
1412 4265 1484 4350 So·

157 4298 269 4480 ,fem
296 4389 345 4468 rit
378 4385 588 4470 Cornetant
611 4381 821 4492 jungente,
858 4380 900 4461 δε
926 4382 1031 4484 cujus
1058 4378 1261 4462 umbilicus
1286 4355 1485 4461 Paraboia·

187 4497 382 4611 genitricis
411 4494 465 4576 est
486 4497 524 4577 in
549 4492 694 4577 Nuclei
718 4518 884 4577 centro:
914 4491 1031 4574 talem
1049 4492 1162 4602 igitur
1178 4489 1351 4601 'figurant
1369 4489 1486 4596 induo

190 4632 232 4699 et
250 4613 428 4720 Contere
455 4606 609 4696 Cruda.
670 4608 814 4694 Verum
843 4631 931 4693 curn
961 4607 1160 4807 gAaviutn,
1189 4604 1241 4689 ad
1265 4629 1353 4716 qua
1368 4601 1501 4796 nltibit.

1025 4739 1100 4826 ³3
1422 4735 1484 4799 cet
