4376 5694
179 671 182 678 .
240 591 285 672 U·
309 588 702 672 cuotiet'ttlcae
733 590 1077 673 ELEMENTA.
1114 597 1215 677 un.
1253 593 1326 679 W.
1405 609 1470 697 525

171 719 383 839 sequitur)
419 747 530 812 motu
571 725 713 811 diurno
755 729 982 814 circumada
994 789 1010 829 ,
1055 726 1185 831 (five
1214 736 1378 844 potius,
1420 733 1474 822 se.

175 843 345 946 ¹cundum
376 842 430 926 rei
462 841 693 940 veritatem,
738 843 872 927 Tellus
916 845 956 925 in
997 845 1201 929 Orientem
1235 874 1363 932 rotata
1396 847 1480 934 lub-

176 955 323 1038 ducens
354 949 390 1038 le
416 949 517 1038 hisce
534 955 751 1039 eminentiis
774 983 960 1067 aquarum
975 1014 989 1055 ,
1019 985 1104 1069 quae
1131 955 1199 1042 sub
1233 965 1341 1047 Luna
1367 992 1480 1052 motu

173 1069 336 1182 proprio
367 1068 471 1152 lente
497 1070 534 1150 in
551 1071 755 1152 Orientem
785 1071 861 1153 lata
884 1071 1054 1154 immotae
1080 1072 1186 1183 quast
1210 1076 1477 1189 consiliunt,)

173 1207 317 1293 aquam
348 1179 389 1263 in
424 1179 493 1264 iuo
529 1181 667 1266 itinere
699 1183 758 1267 bis
789 1179 1046 1292 intumescere⁸
1066 1184 1158 1268 facit
1190 1185 1381 1301 totiesque
1413 1191 1481 1276 de·

170 1290 384 1380 tumescere
418 1293 540 1405 spatio
573 1311 623 1399 25
656 1297 859 1395 horarum,
895 1325 979 1410 quo
1007 1299 1116 1383 Luna
1147 1299 1171 1384 i
1199 1297 1360 1408 cujusvis
1383 1307 1484 1408 Loci

172 1411 395 1495 Meridiano
422 1402 581 1522 digressa
616 1410 667 1492 ad
695 1409 861 1494 eundem
897 1410 1013 1496 redit.

206 1527 434 1634 Qoniam
472 1549 573 1606 vero
616 1521 634 1628 (
674 1553 744 1634 pet
788 1525 922 1607 Schol.
964 1527 1083 1608 Pro·
1125 1525 1275 1640 praec.)
1303 1527 1481 1618 Fluidum

172 1641 366 1730 Terttlire
403 1658 527 1722 tumet
574 1640 690 1720 etiarn
723 1639 763 1719 in
811 1638 927 1720 Locis
972 1553 1118 1749 quidus·
1160 1642 1228 1725 Sol
1272 1641 1312 1724 in
1342 1646 1485 1730 Zenith

172 1777 243 1840 aut
281 1751 408 1836 Nadir
444 1750 660 1860 reperitur,
695 1750 786 1835 lice't
811 1751 937 1834 multo
965 1751 1089 1834 minus
1117 1779 1234 1864 quam
1269 1754 1339 1838 ubi
1374 1760 1482 1846 Luna

172 1868 347 1956 finiliter
390 1867 569 1953 locaturr
611 1863 650 1946 in
685 1864 946 1949 luminarium
988 1866 1279 1968 Conjundtioue
1314 1874 1354 1951 δι
1400 1877 1483 1984 Op.

173 1981 373 2094 pofitione
400 1981 686 2092 conjungentur
725 1979 842 2062 etiarn
877 1975 1061 2090 praediatae
1090 2005 1277 2088 aquarum
1312 1976 1484 2066 eminen.

172 2096 262 2194 tiae,
299 2089 445 2207 fietque
478 2093 649 2176 elevatio
685 2093 857 2177 omnium
889 2093 1074 2189 maxima,
1100 2095 1342 2208 maximaque
1367 2097 1483 2184 etiam

94 2217 98 2224 '
172 2207 410 2320 depresso,
466 2234 554 2316 curn
586 2205 803 2290 luminaria
833 2203 1091 2290 Hotizontem
1119 2203 1227 2290 fimul
1267 2210 1485 2322 attingunt,
1597 2217 1601 2226 '

172 2325 274 2436 quia
305 2345 407 2433 aqua
444 2348 514 2433 per
542 2315 737 2432 utriusque
770 2319 859 2403 Vim
899 2341 991 2401 tunc
1022 2319 1198 2404 elevatur
1214 2377 1229 2418 ,
1279 2350 1382 2407 nunc
1417 2324 1485 2410 de-

169 2434 367 2551 primitur.
425 2433 472 2518 In
504 2435 762 2520 luminarium
786 2429 1040 2542 Quadraturis
1066 2435 1139 2516 Sol
1164 2434 1310 2518 attollit
1342 2465 1363 2520 a
1395 2465 1484 2522 uam

171 2549 250 2636 ubi
285 2552 395 2633 Luna
433 2549 645 2662 deprimit,
686 2547 948 2658 deprimitque
986 2545 1055 2630 ubi
1088 2549 1195 2630 Luna
1238 2465 1411 2658 attollidt
1444 2555 1485 2634 dt

168 2693 228 2751 ex
263 2661 415 2746 Vitium
448 2660 667 2747 differentia
696 2687 883 2773 aquarum
914 2659 1085 2742 elevatio
1121 2661 1295 2744 omnium
1327 2663 1489 2750 minima-

169 2779 333 2876 oritur,
378 2777 613 2888 minimaque
654 2775 770 2858 etiam
813 2771 1015 2883 depreilro.
1074 2773 1180 2854 inter
1224 2773 1486 2860 luminarium

167 2893 364 3004 syzygias
398 2891 438 2974 uc
471 2889 736 2996 Quadraturas
755 2884 929 2972 effeetus
963 2885 1232 2996 producuntur
1267 2888 1369 2972 inter
1394 2915 1487 3003 prae·

168 3007 308 3092 diuos
343 3005 588 3099 intermedii,
632 3023 675 3084 ut
707 3027 859 3111 aequum
883 3000 953 3084 est.
1151 3106 1156 3112 ¹
1336 3045 1341 3054 ·

237 3118 281 3202 Si
313 3119 424 3202 luna
460 3118 500 3200 in
542 3113 826 3228 AEquinodiali.
862 3111 1009 3198 circulo
1054 3106 1246 3213 versetur,
1299 3143 1486 3232 aquarum

167 3229 401 3322 eminentiae
441 3231 540 3314 binae
585 3226 771 3342 opposrtae
817 3233 1071 3336 AEquatorem
1111 3231 1340 3324 Terrestrem
1382 3258 1488 3315 tene·

169 3351 310 3442 bunt,
358 3345 400 3427 δι
422 3369 590 3456 utraque
618 3343 830 3424 martimum
860 3337 968 3422 illum
999 3340 1165 3425 Telluris
1197 3343 1381 3427 circulum
1409 3370 1490 3426 mo·

170 3491 222 3549 tu
271 3453 340 3544 suo
373 3456 591 3542 describens
624 3455 745 3565 magis
790 3451 997 3564 agitabitur
1011 3510 1030 3551 ,.
1061 3458 1101 3538 δι
1136 3451 1302 3566 proinde
1340 3455 1396 3540 ad
1426 3458 1489 3540 lit·

171 3601 271 3662 tora
288 3572 490 3684 appellens
508 3570 623 3658 altius
642 3566 858 3650 elevabitur
874 3565 925 3648 ad
949 3567 1041 3658 ma,-
1069 3591 1325 3682 praeterquam
1352 3569 1464 3682 quod
1475 3621 1489 3654 ‚

171 3687 407 3800 AEquatoris
431 3683 630 3768 Terrestris
666 3681 858 3764 diametro
882 3683 1027 3782 maiore
1057 3681 1240 3769 existente
1264 3710 1381 3795 quam
1410 3710 1488 3766 rec·

172 3829 222 3890 ta
257 3801 402 3912 quaevis
440 3797 516 3882 alia
545 3823 612 3908 per
648 3801 775 3877 Terrae
809 3815 984 3878 centrum
1016 3790 1187 3878 trodudia
1230 3799 1269 3876 δι
1307 3798 1488 3908 utrinque

171 3917 234 4004 ad
284 3917 363 4016 ejus
388 3908 623 4026 superficiem
651 3907 879 4004 terminata,
912 3933 1013 4018 aqua
1047 3934 1115 4017 pet
1142 3908 1396 3992 luminarium
1421 3907 1489 3992 Vi-

174 4055 248 4116 tes
289 4028 473 4126 (ceteris
514 4024 669 4136 paribus
703 4021 721 4130 )
751 4019 790 4102 in
828 4020 897 4103 illo
932 4019 984 4102 ad
1018 4022 1203 4124 majorem
1244 4020 1489 4105 altitudinem

173 4141 408 4230 elevabitur
440 4165 560 4251 quant
594 4136 700 4220 alibi.
760 4137 810 4216 Et
844 4133 958 4244 igitur
999 4161 1087 4216 eum
1126 4135 1344 4218 luminaria
1376 4135 1489 4234 duo,

172 4261 221 4345 itt
269 4257 487 4363 AEquatore
524 4251 734 4354 ¹conjuncta
782 4271 850 4328 aut
893 4245 1101 4357 oppofita,
1150 4245 1265 4333 Vites
1315 4245 1396 4332 suas
1439 4246 1490 4331 ad

173 4377 302 4459 Mare
341 4369 381 4448 in
419 4371 630 4478 AEquatore
673 4359 855 4446 Terrestti
879 4357 1114 4444 elevandum
1144 4363 1333 4475 jungunt,
1377 4359 1490 4473 quod

173 4483 229 4570 fit
275 4482 317 4564 in
351 4481 452 4592 Syzy
482 4480 525 4560 iis
566 4475 819 4588 AEquinodlio
860 4473 1073 4583 proximis,
1118 4477 1196 4558 h'oc
1237 4478 1289 4560 est
1304 4534 1318 4577 ,
1357 4470 1491 4558 Mense

173 4593 345 4684 Martio
374 4597 415 4680 dt
491 4589 652 4706 permiti
683 4586 1030 4785 contingentibusvr
1061 4589 1187 4676 Elius
1215 4611 1312 4674 tum,
1323 4587 1491 4722 produc:

1064 4721 1091 4814 3·
1143 4809 1147 4816 Ι
1456 4724 1488 4786 tr
