4420 5692
250 635 295 710 a·
333 625 725 710 oaonrarrtrcre
761 625 1089 704 rauranum
1126 593 1211 708 rn.
1254 629 1325 708 ru.
1407 575 1494 728 491'
1632 575 1636 586 ’

13 819 17 826 ·
171 772 363 857 Distantia
402 783 528 863 Terrae
565 767 724 858 isole.
783 775 890 855 Nam
924 775 1042 856 Lunae
1083 773 1220 858 Motus
1256 767 1406 856 medius
1432 797 1482 858 err

170 887 402 1000 praecedenti
447 887 601 971 Tabula
626 887 813 974 collectus
839 888 878 968 in
909 885 1056 968 laxiore
1086 883 1191 994 sensu
1223 886 1373 970 medius
1402 891 1455 972 est
1465 947 1481 986 ,

171 1001 367 1084 eidemin
391 1002 557 1113 plurium
590 1001 801 1084 Annorum.
823 1001 1015 1084 curriculo
1052 1025 1295 1111 competens.
1332 999 1388 1084 At
1412 1027 1482 1114 pet

171 1119 287 1226 Prop.
316 1143 342 1196 rt
358 1141 387 1198 v
403 1143 413 1196 1
432 1142 459 1196 1.
494 1117 611 1199 Lunae
635 1120 806 1227 Tempus
833 1113 1072 1226 periodirum
1100 1113 1256 1200 brevius
1282 1113 1336 1198 est
1361 1115 1482 1200 Tetri

171 1229 385 1338 Apheiium
417 1253 619 1318 tenente;
654 1226 726 1310 hac
768 1253 899 1311 aurem
939 1226 1032 1310 inde
1073 1223 1323 1326 discedente,
1364 1231 1480 1315 Lunae

169 1348 341 1454 Tempus
380 1344 623 1454 periodicum
658 1368 847 1452 augetur,
894 1341 1024 1425 donec
1052 1343 1261 1427 martimum
1292 1343 1360 1430 fiat
1389 1347 1480 1428 Tel.

38 1539 42 1544 .,
87 1539 98 1556 ,
168 1456 252 1541 lure
285 1457 337 1541 ad
368 1459 600 1542 Periheiium
629 1452 830 1566 perventd.
891 1457 1020 1538 Locus
1047 1456 1163 1567 igitur
1198 1459 1301 1542 illius
1328 1458 1478 1546 medius

168 1564 478 1680 supra-inventus
513 1569 764 1681 corrigendus
795 1571 847 1652 est
877 1568 1081 1651 additione
1123 1571 1188 1652 vel
1219 1567 1478 1657 subtractione

170 1680 362 1785 cujusdam
396 1684 505 1769 atriis
531 1709 598 1768 aut
629 1683 759 1796 anguli
790 1683 995 1794 pendentis
1025 1682 1075 1764 ab
1109 1682 1317 1769 Anomalia
1347 1685 1478 1787 Tellu-

170 1796 218 1880 ris
247 1797 408 1881 media:
441 1803 569 1884 Locus
607 1821 736 1880 tamen
771 1801 887 1882 Lunae
920 1795 970 1879 'fic
1000 1801 1192 1881 correctus
1226 1799 1375 1883 medius
1410 1799 1477 1882 ad·

168 1910 244 1993 huc
273 1939 418 1996 manet.
476 1912 627 1994 Tabula
658 1911 737 1994 haec
773 1911 1040 1994 Coneuionis
1071 1910 1208 1994 Mortis
1246 1915 1363 1997 Lunae
1397 1941 1478 1997 me-

56 2041 61 2050 '
169 2021 223 2106 dii
252 2023 273 2107 d
303 2031 430 2109 Terrae
459 2024 670 2110 Anomalia
701 2024 907 2138 pendentis
950 2022 1194 2110 constituitur
1222 2052 1300 2142 ope
1331 2033 1478 2141 Propp.

169 2165 312 2236 xv11,
348 2165 411 2222 xx
440 2146 480 2223 &
519 2167 639 2224 xxv.

226 2257 408 2361 Quarto,
442 2251 718 2338 correaiones
748 2256 764 2351 (
792 2249 830 2335 in
869 2251 994 2367 phraii
1024 2253 1299 2340 Astronomica
1331 2246 1478 2369 AEquaa

165 2373 324 2470 tiones)
358 2369 454 2452 Loci
480 2369 598 2453 medii
636 2365 800 2478 Apogaei
830 2371 1005 2453 Lunaris.
1066 2369 1202 2483 Atque
1238 2369 1296 2452 hae
1333 2373 1476 2485 AEqua.

167 2481 296 2564 tione-s
334 2477 419 2564 sunt
450 2485 569 2566 tres:
617 2482 744 2564 Prima
775 2481 922 2591 pendet
951 2483 1001 2564 ab
1038 2478 1206 2592 Aspedu
1238 2483 1404 2595 Apogati
1433 2492 1476 2572 δι

164 2595 291 2682 Solisr
323 2599 436 2705 Prop.
465 2599 568 2711 em'm
598 2621 671 2677 xr.
698 2590 888 2678 ostensum
916 2597 968 2678 est
998 2597 1110 2707 quod
1138 2596 1357 2707 Apogaeum
1386 2628 1476 2712 pro·

165 2709 341 2819 greditur
372 2707 465 2790 dum
501 2711 559 2793 est*
588 2711 627 2790 in
666 2708 871 2818 syzygiis,
910 2712 949 2790 &
984 2708 1198 2821 regreditur
1230 2709 1322 2790 dum
1357 2715 1478 2799 estin·

167 2821 424 2935 Qradraturis
460 2851 547 2906 eum
584 2824 717 2909 Solea
748 2823 861 2904 Loco
885 2821 1003 2933 igitur
1036 2823 1200 2936 Apogati
1231 2821 1362 2910 medio
1405 2828 1504 2912 ad-.

164 2934 295 3019 denda
327 2935 393 3018 vel
432 2931 680 3022 subducenda
709 2935 763 3015 est
798 2936 985 3048 AEquatio
1013 2935 1094 3032 hac
1137 2935 1313 3050 pendens
1349 2936 1373 3024 d
1405 2942 1481 3026 firu:
1513 3042 1520 3051 Ι

164 3050 331 3162 Apogaei
362 3043 530 3157 respectu
556 3051 658 3137 Solis
690 3078 701 3127 t
730 3051 854 3152 Hujus
882 3050 1128 3162 AEquarionis
1163 3052 1359 3187 quantitas
1387 3083 1480 3168 pro-

164 3161 397 3276 portionalis
421 3163 474 3246 est
503 3163 711 3277 quantitati
737 3163 889 3246 Vitium
921 3163 1220 3276 produdiricium
1243 3191 1311 3276 per
1330 3168 1482 3282 Proppa

164 3303 249 3376 xt,
291 3307 353 3359 xx
383 3281 423 3358 δι
459 3303 575 3361 xxv.
611 3277 927 3363 determinandae.
986 3279 1165 3363 Secunda
1195 3279 1362 3390 Apogaei
1399 3286 1478 3368 Lu·¹

163 3394 267 3475 naris
305 3391 491 3504 AEquario
520 3394 710 3477 menstrua
743 3393 823 3486 est,
848 3391 1073 3504 pendetque
1103 3393 1152 3480 ab
1181 3391 1350 3504 Aspedu
1373 3399 1483 3482 Solia

163 3509 205 3588 δι
235 3509 368 3590 Lunae.
430 3507 537 3588 Nam
565 3506 657 3587 iicet
682 3529 808 3616 prope
848 3505 1178 3612 Conjunuionem
1207 3531 1275 3592 aut
1311 3511 1478 3624 Opposr-

164 3619 315 3703 tionem
345 3618 511 3732 Apogaei
547 3621 664 3702 Lunae
692 3643 780 3700 cum
805 3619 926 3718 Sole,
961 3621 1181 3734 Apogatum
1207 3625 1484 3735 progrediatur

164 3735 206 3816 in
236 3734 386 3845 integra
418 3733 665 3830 lunatione,
707 3756 837 3814 tamen
864 3733 930 3815 iste
958 3733 1173 3844 progreffus
1200 3737 1364 3845 Apogati
1392 3763 1481 3823 nont

165 3848 220 3930 est
249 3847 477 3958 aequabilis,
509 3841 575 3928 sed
609 3842 719 3929 Lunai
743 3847 784 3929 in
818 3844 985 3950 Quadris
1017 3843 1193 3930 versante
1218 3848 1362 3931 tardius
1387 3875 1478 3960 pro·

164 3960 362 4072 gredirur,
386 3961 453 4044 vel
479 3955 607 4045 forsan
635 3959 752 4042 etiam
781 3956 1022 4070 regreditur;
1049 3961 1089 4042 in
1121 3958 1294 4072 Syzygiis
1325 3959 1479 4047 versan.

164 4096 206 4156 te
233 4071 371 4172 Luni,
410 4077 491 4179 ejus
520 4081 737 4188 Apogaeum
772 4071 1020 4183 progreditur
1042 4075 1168 4157 multo
1200 4073 1372 4159 celerius.
1425 4081 1483 4164 Et·
1639 4129 1652 4136 =-

164 4185 378 4286 fimiliter‚
417 4190 510 4272 licet
544 4216 669 4301 prope
710 4185 996 4291 Qradraturam
1031 4187 1197 4301 Apogaei
1236 4189 1352 4272 Lunae
1386 4217 1482 4276 cunr·

163 4299 286 4397 Sole,
316 4301 532 4414 Apogaum
567 4305 719 4384 Lunare
749 4301 987 4410 regrediatur
1019 4299 1259 4414 srintegram
1289 4303 1480 4391 Lunatio.

165 4439 258 4495 nent
289 4410 455 4524 spectes,
478 4441 622 4500 tamen
653 4443 736 4499 non
766 4415 981 4524 regreditur
1016 4415 1277 4529 aquabiiittr,
1304 4412 1370 4500 sed
1400 4422 1475 4503 Lu-

166 4553 217 4610 na
244 4526 284 4608 in
309 4530 486 4641 Syzygiis
518 4529 613 4613 facit
644 4527 741 4612 illud
766 4551 833 4610 aut
866 4531 1048 4642 progredi
1074 4555 1140 4615 aut
1164 4526 1295 4614 saltem
1323 4534 1481 4644 regredi?

165 4639 325 4726 tardius.
384 4649 476 4728 Hac
507 4666 640 4758 patent
673 4673 722 4728 ex
757 4645 876 4756 Prop.
908 4673 934 4728 x
961 4675 973 4737 3
1008 4643 1114 4734 uude
1149 4647 1278 4734 Locus
1305 4644 1481 4846 {plagari

1332 4803 1336 4810 =
1377 4787 1435 4844 naa
1451 4821 1472 4866 ‚.
