<?xml version="1.0" encoding="UTF-8"?>
<!DOCTYPE html PUBLIC "-//W3C//DTD XHTML 1.0 Transitional//EN"
    "http://www.w3.org/TR/xhtml1/DTD/xhtml1-transitional.dtd">
<html xmlns="http://www.w3.org/1999/xhtml" xml:lang="en" lang="en">
 <head>
  <title>
</title>
<meta http-equiv="Content-Type" content="text/html;charset=utf-8" />
  <meta name='ocr-system' content='tesseract 3.04.00' />
  <meta name='ocr-capabilities' content='ocr_page ocr_carea ocr_par ocr_line ocrx_word'/>
</head>
<body>
  <div class='ocr_page' id='page_1' title='image "./davidisgregorii00huargoog_0199.png"; bbox 0 0 4376 5694; ppageno 0'>
   <div class='ocr_carea' id='block_1_1' title="bbox 734 609 1880 718">
    <p class='ocr_par' dir='ltr' id='par_1_1' title="bbox 734 609 1880 718">
     <span class='ocr_line' id='line_1_1' title="bbox 734 609 1880 718; baseline -0.011 -21"><span class='ocrx_word' id='word_1_1' title='bbox 734 645 803 718; x_wconf 73' lang='lat'>590</span> <span class='ocrx_word' id='word_1_2' title='bbox 951 611 1492 705; x_wconf 66' lang='lat' dir='ltr'>Asanorvonrra</span> <span class='ocrx_word' id='word_1_3' title='bbox 1539 609 1880 688; x_wconf 70' lang='lat' dir='ltr'>antam</span> 
     </span>
    </p>
   </div>
   <div class='ocr_carea' id='block_1_2' title="bbox 667 745 2122 1996">
    <p class='ocr_par' dir='ltr' id='par_1_2' title="bbox 667 745 2122 1996">
     <span class='ocr_line' id='line_1_2' title="bbox 732 745 2037 866; baseline -0.009 -20"><span class='ocrx_word' id='word_1_4' title='bbox 732 762 886 846; x_wconf 73' lang='lat' dir='ltr'>lunare</span> <span class='ocrx_word' id='word_1_5' title='bbox 906 750 1014 864; x_wconf 88' lang='lat' dir='ltr'>supra</span> <span class='ocrx_word' id='word_1_6' title='bbox 1043 745 1253 866; x_wconf 81' lang='lat' dir='ltr'>sphaeram,</span> <span class='ocrx_word' id='word_1_7' title='bbox 1271 748 1314 840; x_wconf 86' lang='lat' dir='ltr'>in</span> <span class='ocrx_word' id='word_1_8' title='bbox 1342 749 1516 860; x_wconf 88' lang='lat' dir='ltr'>partibus</span> <span class='ocrx_word' id='word_1_9' title='bbox 1539 749 1687 834; x_wconf 87' lang='lat' dir='ltr'>Telluri</span> <span class='ocrx_word' id='word_1_10' title='bbox 1722 749 1963 860; x_wconf 79' lang='lat' dir='ltr'><strong>proximis&amp;</strong></span> <span class='ocrx_word' id='word_1_11' title='bbox 1988 749 2037 834; x_wconf 87' lang='lat' dir='ltr'>ab</span> 
     </span>
     <span class='ocr_line' id='line_1_3' title="bbox 735 857 2039 976; baseline -0.005 -21"><span class='ocrx_word' id='word_1_12' title='bbox 735 874 802 955; x_wconf 89' lang='lat' dir='ltr'>illa</span> <span class='ocrx_word' id='word_1_13' title='bbox 827 865 1108 962; x_wconf 78' lang='lat' dir='ltr'>remotissimis,</span> <span class='ocrx_word' id='word_1_14' title='bbox 1141 859 1232 945; x_wconf 85' lang='lat' dir='ltr'>ellet</span> <span class='ocrx_word' id='word_1_15' title='bbox 1264 859 1316 943; x_wconf 87' lang='lat' dir='ltr'>ad</span> <span class='ocrx_word' id='word_1_16' title='bbox 1364 859 1601 945; x_wconf 90' lang='lat' dir='ltr'>consrmilem</span> <span class='ocrx_word' id='word_1_17' title='bbox 1636 861 1902 948; x_wconf 87' lang='lat' dir='ltr'>Altitudinem·</span> <span class='ocrx_word' id='word_1_18' title='bbox 1927 857 2039 976; x_wconf 82' lang='lat' dir='ltr'>spbae·</span> 
     </span>
     <span class='ocr_line' id='line_1_4' title="bbox 690 967 2038 1092; baseline -0.006 -22"><span class='ocrx_word' id='word_1_19' title='bbox 690 1001 698 1012; x_wconf 84' lang='lat'>&#39;</span> <span class='ocrx_word' id='word_1_20' title='bbox 736 983 856 1070; x_wconf 93' lang='lat' dir='ltr'>roidis</span> <span class='ocrx_word' id='word_1_21' title='bbox 885 1006 1017 1092; x_wconf 73' lang='lat' dir='ltr'>aquea</span> <span class='ocrx_word' id='word_1_22' title='bbox 1049 971 1157 1086; x_wconf 88' lang='lat' dir='ltr'>supra</span> <span class='ocrx_word' id='word_1_23' title='bbox 1186 967 1404 1085; x_wconf 85' lang='lat' dir='ltr'>inscriptam</span> <span class='ocrx_word' id='word_1_24' title='bbox 1419 969 1598 1086; x_wconf 88' lang='lat' dir='ltr'>sphaetam</span> <span class='ocrx_word' id='word_1_25' title='bbox 1623 1033 1637 1074; x_wconf 85' lang='lat'><strong>,</strong></span> <span class='ocrx_word' id='word_1_26' title='bbox 1680 977 1729 1059; x_wconf 88' lang='lat' dir='ltr'>ad</span> <span class='ocrx_word' id='word_1_27' title='bbox 1757 977 1880 1086; x_wconf 80' lang='lat' dir='ltr'>&#39;quam</span> <span class='ocrx_word' id='word_1_28' title='bbox 1913 982 2038 1062; x_wconf 87' lang='lat' dir='ltr'>eleva·</span> 
     </span>
     <span class='ocr_line' id='line_1_5' title="bbox 736 1088 2036 1198; baseline -0.006 -17"><span class='ocrx_word' id='word_1_29' title='bbox 736 1125 799 1183; x_wconf 90' lang='lat' dir='ltr'>tut</span> <span class='ocrx_word' id='word_1_30' title='bbox 829 1096 987 1179; x_wconf 89' lang='lat' dir='ltr'>fluidum</span> <span class='ocrx_word' id='word_1_31' title='bbox 1020 1089 1254 1184; x_wconf 87' lang='lat' dir='ltr'>Terrestre,</span> <span class='ocrx_word' id='word_1_32' title='bbox 1295 1110 1338 1170; x_wconf 92' lang='lat' dir='ltr'>ut</span> <span class='ocrx_word' id='word_1_33' title='bbox 1372 1090 1541 1198; x_wconf 79' lang='lat' dir='ltr'>gravitas</span> <span class='ocrx_word' id='word_1_34' title='bbox 1565 1088 1812 1172; x_wconf 86' lang='lat' dir='ltr'>acceleratrix</span> <span class='ocrx_word' id='word_1_35' title='bbox 1846 1091 1962 1172; x_wconf 82' lang='lat' dir='ltr'>Lunae</span> <span class='ocrx_word' id='word_1_36' title='bbox 1998 1091 2036 1174; x_wconf 89' lang='lat' dir='ltr'>in</span> 
     </span>
     <span class='ocr_line' id='line_1_6' title="bbox 667 1201 2040 1314; baseline -0.009 -18"><span class='ocrx_word' id='word_1_37' title='bbox 667 1253 675 1268; x_wconf 95' lang='lat'><strong>·</strong></span> <span class='ocrx_word' id='word_1_38' title='bbox 736 1218 894 1296; x_wconf 82' lang='lat' dir='ltr'>Terram</span> <span class='ocrx_word' id='word_1_39' title='bbox 933 1206 984 1290; x_wconf 85' lang='lat' dir='ltr'>ad</span> <span class='ocrx_word' id='word_1_40' title='bbox 1024 1203 1255 1314; x_wconf 85' lang='lat' dir='ltr'>gravitatem</span> <span class='ocrx_word' id='word_1_41' title='bbox 1291 1201 1600 1286; x_wconf 84' lang='lat' dir='ltr'>acceleratricem</span> <span class='ocrx_word' id='word_1_42' title='bbox 1635 1207 1759 1286; x_wconf 75' lang='lat' dir='ltr'>Tetra</span> <span class='ocrx_word' id='word_1_43' title='bbox 1804 1204 1843 1284; x_wconf 94' lang='lat' dir='ltr'>in</span> <span class='ocrx_word' id='word_1_44' title='bbox 1879 1205 2040 1286; x_wconf 85' lang='lat' dir='ltr'>Lunam.</span> 
     </span>
     <span class='ocr_line' id='line_1_7' title="bbox 735 1314 2040 1436; baseline -0.006 -28"><span class='ocrx_word' id='word_1_45' title='bbox 735 1327 952 1436; x_wconf 85' lang='lat' dir='ltr'>Erigitur,</span> <span class='ocrx_word' id='word_1_46' title='bbox 986 1319 1078 1400; x_wconf 88' lang='lat' dir='ltr'>licet</span> <span class='ocrx_word' id='word_1_47' title='bbox 1102 1339 1230 1424; x_wconf 82' lang='lat' dir='ltr'>neque</span> <span class='ocrx_word' id='word_1_48' title='bbox 1264 1314 1433 1424; x_wconf 85' lang='lat' dir='ltr'>gravitas</span> <span class='ocrx_word' id='word_1_49' title='bbox 1465 1316 1713 1412; x_wconf 76' lang='lat' dir='ltr'>accelerattiat</span> <span class='ocrx_word' id='word_1_50' title='bbox 1738 1322 1863 1402; x_wconf 82' lang='lat' dir='ltr'>Tettae</span> <span class='ocrx_word' id='word_1_51' title='bbox 1900 1319 1941 1400; x_wconf 93' lang='lat' dir='ltr'>in</span> <span class='ocrx_word' id='word_1_52' title='bbox 1970 1320 2040 1400; x_wconf 84' lang='lat' dir='ltr'>Lu-</span> 
     </span>
     <span class='ocr_line' id='line_1_8' title="bbox 736 1428 2042 1544; baseline -0.008 -21"><span class='ocrx_word' id='word_1_53' title='bbox 736 1467 828 1523; x_wconf 85' lang='lat' dir='ltr'>nam</span> <span class='ocrx_word' id='word_1_54' title='bbox 865 1430 1021 1544; x_wconf 83' lang='lat' dir='ltr'>aequalis</span> <span class='ocrx_word' id='word_1_55' title='bbox 1036 1429 1099 1512; x_wconf 87' lang='lat' dir='ltr'>·srt</span> <span class='ocrx_word' id='word_1_56' title='bbox 1130 1428 1308 1539; x_wconf 88' lang='lat' dir='ltr'>gravitati</span> <span class='ocrx_word' id='word_1_57' title='bbox 1341 1428 1599 1512; x_wconf 87' lang='lat' dir='ltr'>acceleratrici</span> <span class='ocrx_word' id='word_1_58' title='bbox 1632 1432 1749 1513; x_wconf 74' lang='lat' dir='ltr'>luna</span> <span class='ocrx_word' id='word_1_59' title='bbox 1778 1429 1819 1512; x_wconf 84' lang='lat' dir='ltr'>ln</span> <span class='ocrx_word' id='word_1_60' title='bbox 1854 1436 2042 1526; x_wconf 82' lang='lat' dir='ltr'>Terram,</span> 
     </span>
     <span class='ocr_line' id='line_1_9' title="bbox 737 1541 2040 1653; baseline -0.007 -18"><span class='ocrx_word' id='word_1_61' title='bbox 737 1579 810 1634; x_wconf 88' lang='lat' dir='ltr'>nec</span> <span class='ocrx_word' id='word_1_62' title='bbox 837 1549 1040 1632; x_wconf 83' lang='lat' dir='ltr'>Diamcter</span> <span class='ocrx_word' id='word_1_63' title='bbox 1069 1543 1183 1624; x_wconf 82' lang='lat' dir='ltr'>Lunae</span> <span class='ocrx_word' id='word_1_64' title='bbox 1213 1541 1421 1624; x_wconf 88' lang='lat' dir='ltr'>Diametro</span> <span class='ocrx_word' id='word_1_65' title='bbox 1458 1549 1582 1627; x_wconf 84' lang='lat' dir='ltr'>Terrae</span> <span class='ocrx_word' id='word_1_66' title='bbox 1612 1544 1799 1653; x_wconf 74' lang='lat' dir='ltr'>aequalisr</span> <span class='ocrx_word' id='word_1_67' title='bbox 1836 1543 1908 1624; x_wconf 90' lang='lat' dir='ltr'>erit</span> <span class='ocrx_word' id='word_1_68' title='bbox 1941 1544 2040 1629; x_wconf 86' lang='lat' dir='ltr'>Alti-</span> 
     </span>
     <span class='ocr_line' id='line_1_10' title="bbox 738 1649 2045 1768; baseline -0.007 -21"><span class='ocrx_word' id='word_1_69' title='bbox 738 1663 838 1754; x_wconf 89' lang='lat' dir='ltr'>tudo</span> <span class='ocrx_word' id='word_1_70' title='bbox 864 1660 971 1742; x_wconf 88' lang='lat' dir='ltr'>fluidi</span> <span class='ocrx_word' id='word_1_71' title='bbox 994 1655 1152 1740; x_wconf 76' lang='lat' dir='ltr'>lunatis</span> <span class='ocrx_word' id='word_1_72' title='bbox 1175 1649 1284 1766; x_wconf 84' lang='lat' dir='ltr'>supra</span> <span class='ocrx_word' id='word_1_73' title='bbox 1312 1650 1529 1767; x_wconf 87' lang='lat' dir='ltr'>inscriptam</span> <span class='ocrx_word' id='word_1_74' title='bbox 1558 1651 1760 1768; x_wconf 86' lang='lat' dir='ltr'>sphaeroidi</span> <span class='ocrx_word' id='word_1_75' title='bbox 1784 1651 1986 1768; x_wconf 79' lang='lat' dir='ltr'>sphaeram,</span> <span class='ocrx_word' id='word_1_76' title='bbox 2004 1657 2045 1738; x_wconf 90' lang='lat' dir='ltr'>in</span> 
     </span>
     <span class='ocr_line' id='line_1_11' title="bbox 733 1767 2040 1892; baseline -0.006 -32"><span class='ocrx_word' id='word_1_77' title='bbox 733 1776 911 1892; x_wconf 85' lang='lat' dir='ltr'>partibus</span> <span class='ocrx_word' id='word_1_78' title='bbox 936 1768 1187 1854; x_wconf 77' lang='lat' dir='ltr'>citerioribus·</span> <span class='ocrx_word' id='word_1_79' title='bbox 1212 1771 1254 1851; x_wconf 87' lang='lat'>&amp;</span> <span class='ocrx_word' id='word_1_80' title='bbox 1284 1767 1531 1851; x_wconf 87' lang='lat' dir='ltr'>ulterioribus</span> <span class='ocrx_word' id='word_1_81' title='bbox 1558 1771 1716 1866; x_wconf 73' lang='lat' dir='ltr'>Lunae3</span> <span class='ocrx_word' id='word_1_82' title='bbox 1759 1770 1810 1852; x_wconf 88' lang='lat' dir='ltr'>ad</span> <span class='ocrx_word' id='word_1_83' title='bbox 1836 1770 2040 1882; x_wconf 85' lang='lat' dir='ltr'>analogam</span> 
     </span>
     <span class='ocr_line' id='line_1_12' title="bbox 736 1881 2122 1996; baseline -0.005 -24"><span class='ocrx_word' id='word_1_84' title='bbox 736 1887 1000 1980; x_wconf 86' lang='lat' dir='ltr'>Altitudinem</span> <span class='ocrx_word' id='word_1_85' title='bbox 1014 1941 1028 1984; x_wconf 87' lang='lat'>,</span> <span class='ocrx_word' id='word_1_86' title='bbox 1061 1883 1255 1994; x_wconf 86' lang='lat' dir='ltr'>adquam</span> <span class='ocrx_word' id='word_1_87' title='bbox 1284 1885 1395 1966; x_wconf 89' lang='lat' dir='ltr'>Mare</span> <span class='ocrx_word' id='word_1_88' title='bbox 1417 1883 1587 1966; x_wconf 86' lang='lat' dir='ltr'>nostrum</span> <span class='ocrx_word' id='word_1_89' title='bbox 1627 1883 1667 1966; x_wconf 88' lang='lat' dir='ltr'>in</span> <span class='ocrx_word' id='word_1_90' title='bbox 1708 1881 1879 1996; x_wconf 85' lang='lat' dir='ltr'>partibus</span> <span class='ocrx_word' id='word_1_91' title='bbox 1920 1886 2034 1968; x_wconf 72' lang='lat' dir='ltr'>Luna</span> <span class='ocrx_word' id='word_1_92' title='bbox 2117 1905 2122 1918; x_wconf 91' lang='lat'><strong>·</strong></span> 
     </span>
    </p>
   </div>
   <div class='ocr_carea' id='block_1_3' title="bbox 586 1987 2030 2129">
    <p class='ocr_par' dir='ltr' id='par_1_3' title="bbox 586 1987 2030 2129">
     <span class='ocr_line' id='line_1_13' title="bbox 586 1987 2030 2129; baseline -0.009 -39"><span class='ocrx_word' id='word_1_93' title='bbox 586 1991 591 1997; x_wconf 54' lang='grc'><strong>’</strong></span> <span class='ocrx_word' id='word_1_94' title='bbox 647 2090 652 2102; x_wconf 68' lang='grc'>,</span> <span class='ocrx_word' id='word_1_95' title='bbox 735 1997 909 2108; x_wconf 73' lang='lat' dir='ltr'>subjectis·</span> <span class='ocrx_word' id='word_1_96' title='bbox 952 2005 991 2082; x_wconf 91' lang='lat'>&amp;</span> <span class='ocrx_word' id='word_1_97' title='bbox 1030 1991 1129 2080; x_wconf 89' lang='lat' dir='ltr'>hisce</span> <span class='ocrx_word' id='word_1_98' title='bbox 1162 1995 1185 2080; x_wconf 80' lang='grc' dir='ltr'>ὲ</span> <span class='ocrx_word' id='word_1_99' title='bbox 1219 1987 1637 2107; x_wconf 73' lang='lat' dir='ltr'>Diametro‘oppofitis</span> <span class='ocrx_word' id='word_1_100' title='bbox 1681 1993 1791 2110; x_wconf 90' lang='lat' dir='ltr'>supra</span> <span class='ocrx_word' id='word_1_101' title='bbox 1818 1989 2030 2129; x_wconf 76' lang='lat' dir='ltr'>inscriptam</span> 
     </span>
    </p>
   </div>
   <div class='ocr_carea' id='block_1_4' title="bbox 718 2109 2035 2558">
    <p class='ocr_par' dir='ltr' id='par_1_4' title="bbox 718 2109 2035 2558">
     <span class='ocr_line' id='line_1_14' title="bbox 733 2109 2028 2230; baseline -0.005 -31"><span class='ocrx_word' id='word_1_102' title='bbox 733 2111 934 2230; x_wconf 78' lang='lat' dir='ltr'>sphaeroidi</span> <span class='ocrx_word' id='word_1_103' title='bbox 952 2109 1133 2223; x_wconf 76' lang='lat' dir='ltr'>sphaeram</span> <span class='ocrx_word' id='word_1_104' title='bbox 1149 2109 1354 2207; x_wconf 88' lang='lat' dir='ltr'>elevatur,</span> <span class='ocrx_word' id='word_1_105' title='bbox 1379 2111 1419 2192; x_wconf 91' lang='lat' dir='ltr'>in</span> <span class='ocrx_word' id='word_1_106' title='bbox 1430 2112 1581 2194; x_wconf 90' lang='lat' dir='ltr'>ratione</span> <span class='ocrx_word' id='word_1_107' title='bbox 1606 2109 1819 2222; x_wconf 83' lang='lat' dir='ltr'>compofita</span> <span class='ocrx_word' id='word_1_108' title='bbox 1848 2137 1896 2193; x_wconf 85' lang='lat' dir='ltr'>ex</span> <span class='ocrx_word' id='word_1_109' title='bbox 1914 2133 2028 2194; x_wconf 86' lang='lat' dir='ltr'>tatto·</span> 
     </span>
     <span class='ocr_line' id='line_1_15' title="bbox 718 2223 2032 2334; baseline -0.004 -21"><span class='ocrx_word' id='word_1_110' title='bbox 718 2255 788 2312; x_wconf 94' lang='lat' dir='ltr'>·ne</span> <span class='ocrx_word' id='word_1_111' title='bbox 809 2227 998 2312; x_wconf 88' lang='lat' dir='ltr'>Diametri</span> <span class='ocrx_word' id='word_1_112' title='bbox 1023 2229 1140 2307; x_wconf 83' lang='lat' dir='ltr'>Lnnae</span> <span class='ocrx_word' id='word_1_113' title='bbox 1162 2223 1214 2306; x_wconf 87' lang='lat' dir='ltr'>ad</span> <span class='ocrx_word' id='word_1_114' title='bbox 1243 2225 1486 2306; x_wconf 87' lang='lat' dir='ltr'>Diametrum</span> <span class='ocrx_word' id='word_1_115' title='bbox 1514 2230 1640 2308; x_wconf 77' lang='lat' dir='ltr'>Terra</span> <span class='ocrx_word' id='word_1_116' title='bbox 1664 2229 1705 2308; x_wconf 87' lang='lat'>&amp;</span> <span class='ocrx_word' id='word_1_117' title='bbox 1731 2223 1885 2308; x_wconf 88' lang='lat' dir='ltr'>ratione</span> <span class='ocrx_word' id='word_1_118' title='bbox 1913 2224 2032 2334; x_wconf 82' lang='lat' dir='ltr'>gravi·</span> 
     </span>
     <span class='ocr_line' id='line_1_16' title="bbox 734 2335 2035 2450; baseline -0.001 -28"><span class='ocrx_word' id='word_1_119' title='bbox 734 2341 826 2424; x_wconf 90' lang='lat' dir='ltr'>tatis</span> <span class='ocrx_word' id='word_1_120' title='bbox 844 2339 1131 2426; x_wconf 86' lang='lat' dir='ltr'>acceleratricis</span> <span class='ocrx_word' id='word_1_121' title='bbox 1151 2340 1266 2420; x_wconf 78' lang='lat' dir='ltr'>Lunae</span> <span class='ocrx_word' id='word_1_122' title='bbox 1294 2339 1335 2418; x_wconf 86' lang='lat' dir='ltr'>in</span> <span class='ocrx_word' id='word_1_123' title='bbox 1363 2341 1520 2420; x_wconf 84' lang='lat' dir='ltr'>Terram</span> <span class='ocrx_word' id='word_1_124' title='bbox 1546 2337 1597 2421; x_wconf 88' lang='lat' dir='ltr'>ad</span> <span class='ocrx_word' id='word_1_125' title='bbox 1627 2339 1858 2450; x_wconf 83' lang='lat' dir='ltr'>gravitatem</span> <span class='ocrx_word' id='word_1_126' title='bbox 1892 2335 2035 2438; x_wconf 50' lang='lat' dir='ltr'>accclcff</span> 
     </span>
     <span class='ocr_line' id='line_1_17' title="bbox 733 2452 1602 2558; baseline -0.013 -15"><span class='ocrx_word' id='word_1_127' title='bbox 733 2457 912 2543; x_wconf 84' lang='lat' dir='ltr'>ratricem</span> <span class='ocrx_word' id='word_1_128' title='bbox 944 2462 1070 2540; x_wconf 84' lang='lat' dir='ltr'>Terrae</span> <span class='ocrx_word' id='word_1_129' title='bbox 1099 2452 1141 2533; x_wconf 93' lang='lat' dir='ltr'>in</span> <span class='ocrx_word' id='word_1_130' title='bbox 1168 2453 1333 2536; x_wconf 87' lang='lat' dir='ltr'>Lunam.</span> <span class='ocrx_word' id='word_1_131' title='bbox 1392 2456 1462 2558; x_wconf 79' lang='lat' dir='ltr'>Q</span> <span class='ocrx_word' id='word_1_132' title='bbox 1475 2455 1521 2536; x_wconf 89' lang='lat' dir='ltr'>E.</span> <span class='ocrx_word' id='word_1_133' title='bbox 1547 2453 1602 2536; x_wconf 90' lang='lat' dir='ltr'>D.</span> 
     </span>
    </p>
   </div>
   <div class='ocr_carea' id='block_1_5' title="bbox 952 2696 1828 2784">
    <p class='ocr_par' dir='ltr' id='par_1_5' title="bbox 952 2696 1828 2784">
     <span class='ocr_line' id='line_1_18' title="bbox 952 2696 1828 2784; baseline -0.002 -1"><span class='ocrx_word' id='word_1_134' title='bbox 952 2696 1491 2784; x_wconf 86' lang='lat' dir='ltr'>PROPOSITIO</span> <span class='ocrx_word' id='word_1_135' title='bbox 1564 2697 1828 2784; x_wconf 84' lang='lat' dir='ltr'><strong>LXVII.</strong></span> 
     </span>
    </p>
   </div>
   <div class='ocr_carea' id='block_1_6' title="bbox 838 2861 1878 3000">
    <p class='ocr_par' dir='ltr' id='par_1_6' title="bbox 838 2861 1878 3000">
     <span class='ocr_line' id='line_1_19' title="bbox 838 2861 1878 3000; baseline 0.002 -29"><span class='ocrx_word' id='word_1_136' title='bbox 838 2941 840 2948; x_wconf 68' lang='lat'><em>,</em></span> <span class='ocrx_word' id='word_1_137' title='bbox 889 2885 1065 2998; x_wconf 69' lang='lat' dir='ltr'>fr&#39;gmm</span> <span class='ocrx_word' id='word_1_138' title='bbox 1085 2884 1328 2996; x_wconf 74' lang='lat' dir='ltr'>sphaeroidcrra</span> <span class='ocrx_word' id='word_1_139' title='bbox 1348 2883 1535 2998; x_wconf 77' lang='lat' dir='ltr'>oblongam</span> <span class='ocrx_word' id='word_1_140' title='bbox 1563 2883 1678 2978; x_wconf 74' lang='lat' dir='ltr'>Luna</span> <span class='ocrx_word' id='word_1_141' title='bbox 1713 2861 1878 3000; x_wconf 59' lang='lat' dir='ltr'>definire.</span> 
     </span>
    </p>
   </div>
   <div class='ocr_carea' id='block_1_7' title="bbox 732 3126 2033 3814">
    <p class='ocr_par' dir='ltr' id='par_1_7' title="bbox 732 3126 2033 3814">
     <span class='ocr_line' id='line_1_20' title="bbox 794 3126 2032 3249; baseline -0.001 -28"><span class='ocrx_word' id='word_1_142' title='bbox 794 3136 966 3249; x_wconf 86' lang='lat' dir='ltr'>Uperius</span> <span class='ocrx_word' id='word_1_143' title='bbox 987 3126 1171 3216; x_wconf 86' lang='lat' dir='ltr'>ollcnsum</span> <span class='ocrx_word' id='word_1_144' title='bbox 1200 3132 1254 3218; x_wconf 86' lang='lat' dir='ltr'>est</span> <span class='ocrx_word' id='word_1_145' title='bbox 1282 3135 1322 3216; x_wconf 85' lang='lat'>&amp;</span> <span class='ocrx_word' id='word_1_146' title='bbox 1347 3134 1510 3220; x_wconf 66' lang='lat' dir='ltr'>&#39;Lunam</span> <span class='ocrx_word' id='word_1_147' title='bbox 1532 3133 1747 3248; x_wconf 84' lang='lat' dir='ltr'>aliquando</span> <span class='ocrx_word' id='word_1_148' title='bbox 1778 3131 1883 3220; x_wconf 72' lang='lat' dir='ltr'>baille</span> <span class='ocrx_word' id='word_1_149' title='bbox 1909 3135 2032 3220; x_wconf 83' lang='lat' dir='ltr'>fluido</span> 
     </span>
     <span class='ocr_line' id='line_1_21' title="bbox 782 3243 2028 3364; baseline -0.001 -30"><span class='ocrx_word' id='word_1_150' title='bbox 782 3347 784 3354; x_wconf 13' lang='lat'><strong>¹</strong></span> <span class='ocrx_word' id='word_1_151' title='bbox 823 3249 995 3360; x_wconf 88' lang='lat' dir='ltr'>undique</span> <span class='ocrx_word' id='word_1_152' title='bbox 1036 3249 1176 3330; x_wconf 63' lang='lat' dir='ltr'>testam</span> <span class='ocrx_word' id='word_1_153' title='bbox 1204 3247 1349 3360; x_wconf 84' lang='lat' dir='ltr'>(quod</span> <span class='ocrx_word' id='word_1_154' title='bbox 1375 3279 1424 3334; x_wconf 83' lang='lat' dir='ltr'>ex</span> <span class='ocrx_word' id='word_1_155' title='bbox 1443 3250 1544 3332; x_wconf 85' lang='lat' dir='ltr'>illius</span> <span class='ocrx_word' id='word_1_156' title='bbox 1570 3243 1688 3362; x_wconf 82' lang='lat' dir='ltr'>figura</span> <span class='ocrx_word' id='word_1_157' title='bbox 1706 3248 1882 3364; x_wconf 79' lang='lat' dir='ltr'>splraerica</span> <span class='ocrx_word' id='word_1_158' title='bbox 1903 3251 2028 3359; x_wconf 87' lang='lat' dir='ltr'>patet)</span> 
     </span>
     <span class='ocr_line' id='line_1_22' title="bbox 738 3356 2030 3475; baseline -0.002 -27"><span class='ocrx_word' id='word_1_159' title='bbox 738 3371 779 3448; x_wconf 73' lang='lat' dir='ltr'>bc</span> <span class='ocrx_word' id='word_1_160' title='bbox 802 3364 963 3448; x_wconf 87' lang='lat' dir='ltr'>fluidum</span> <span class='ocrx_word' id='word_1_161' title='bbox 994 3361 1072 3444; x_wconf 91' lang='lat' dir='ltr'>hoc</span> <span class='ocrx_word' id='word_1_162' title='bbox 1108 3358 1215 3444; x_wconf 82' lang='lat' dir='ltr'>soille</span> <span class='ocrx_word' id='word_1_163' title='bbox 1254 3356 1472 3471; x_wconf 76' lang='lat' dir='ltr'>sphaeroidis</span> <span class='ocrx_word' id='word_1_164' title='bbox 1506 3361 1635 3474; x_wconf 82' lang='lat' dir='ltr'>figurae</span> <span class='ocrx_word' id='word_1_165' title='bbox 1661 3363 1883 3475; x_wconf 74' lang='lat' dir='ltr'>oblongae,</span> <span class='ocrx_word' id='word_1_166' title='bbox 1926 3368 2030 3467; x_wconf 81' lang='lat' dir='ltr'>cujus</span> 
     </span>
     <span class='ocr_line' id='line_1_23' title="bbox 736 3469 2031 3588; baseline -0.002 -26"><span class='ocrx_word' id='word_1_167' title='bbox 736 3477 820 3562; x_wconf 81' lang='lat' dir='ltr'>attis</span> <span class='ocrx_word' id='word_1_168' title='bbox 852 3505 922 3588; x_wconf 86' lang='lat' dir='ltr'>per</span> <span class='ocrx_word' id='word_1_169' title='bbox 955 3481 1113 3558; x_wconf 83' lang='lat' dir='ltr'>Terram</span> <span class='ocrx_word' id='word_1_170' title='bbox 1146 3469 1292 3558; x_wconf 84' lang='lat' dir='ltr'>transtt.</span> <span class='ocrx_word' id='word_1_171' title='bbox 1349 3476 1548 3585; x_wconf 71' lang='lat' dir='ltr'>Quoniam</span> <span class='ocrx_word' id='word_1_172' title='bbox 1590 3501 1719 3560; x_wconf 85' lang='lat' dir='ltr'>autem</span> <span class='ocrx_word' id='word_1_173' title='bbox 1766 3477 1904 3563; x_wconf 82' lang='lat' dir='ltr'>cadent</span> <span class='ocrx_word' id='word_1_174' title='bbox 1952 3475 2031 3560; x_wconf 86' lang='lat' dir='ltr'>sete</span> 
     </span>
     <span class='ocr_line' id='line_1_24' title="bbox 733 3587 2033 3703; baseline -0.005 -25"><span class='ocrx_word' id='word_1_175' title='bbox 733 3593 856 3687; x_wconf 73' lang='lat' dir='ltr'>,Lunae</span> <span class='ocrx_word' id='word_1_176' title='bbox 890 3587 1006 3678; x_wconf 87' lang='lat' dir='ltr'>facies</span> <span class='ocrx_word' id='word_1_177' title='bbox 1021 3595 1146 3672; x_wconf 84' lang='lat' dir='ltr'>Terrae</span> <span class='ocrx_word' id='word_1_178' title='bbox 1172 3611 1361 3700; x_wconf 88' lang='lat' dir='ltr'>perpetuo</span> <span class='ocrx_word' id='word_1_179' title='bbox 1399 3588 1652 3688; x_wconf 85' lang='lat' dir='ltr'>obvertitur,</span> <span class='ocrx_word' id='word_1_180' title='bbox 1694 3595 1714 3689; x_wconf 88' lang='grc'><strong><em>(</em></strong></span> <span class='ocrx_word' id='word_1_181' title='bbox 1741 3591 2033 3703; x_wconf 87' lang='lat' dir='ltr'>quodpropter</span> 
     </span>
     <span class='ocr_line' id='line_1_25' title="bbox 732 3701 2033 3814; baseline -0.004 -24"><span class='ocrx_word' id='word_1_182' title='bbox 732 3703 945 3790; x_wconf 64' lang='lat' dir='ltr'>&#39;Periodum</span> <span class='ocrx_word' id='word_1_183' title='bbox 980 3707 1094 3786; x_wconf 82' lang='lat' dir='ltr'>Lunae</span> <span class='ocrx_word' id='word_1_184' title='bbox 1120 3702 1220 3786; x_wconf 86' lang='lat' dir='ltr'>circa</span> <span class='ocrx_word' id='word_1_185' title='bbox 1251 3702 1448 3814; x_wconf 79' lang='lat' dir='ltr'>proprium</span> <span class='ocrx_word' id='word_1_186' title='bbox 1468 3705 1594 3788; x_wconf 87' lang='lat' dir='ltr'>Axem</span> <span class='ocrx_word' id='word_1_187' title='bbox 1618 3706 1697 3809; x_wconf 84' lang='lat' dir='ltr'>ejus</span> <span class='ocrx_word' id='word_1_188' title='bbox 1730 3701 1898 3788; x_wconf 85' lang='lat' dir='ltr'>Periodo</span> <span class='ocrx_word' id='word_1_189' title='bbox 1933 3707 2033 3788; x_wconf 87' lang='lat' dir='ltr'>circa</span> 
     </span>
    </p>
   </div>
   <div class='ocr_carea' id='block_1_8' title="bbox 607 3812 2031 3930">
    <p class='ocr_par' dir='ltr' id='par_1_8' title="bbox 607 3812 2031 3930">
     <span class='ocr_line' id='line_1_26' title="bbox 607 3812 2031 3930; baseline 0.001 -34"><span class='ocrx_word' id='word_1_190' title='bbox 607 3883 619 3896; x_wconf 63' lang='lat'><em>„</em></span> <span class='ocrx_word' id='word_1_191' title='bbox 734 3827 895 3905; x_wconf 87' lang='lat' dir='ltr'>Terram</span> <span class='ocrx_word' id='word_1_192' title='bbox 924 3819 1110 3927; x_wconf 76' lang='lat' dir='ltr'>aqualem</span> <span class='ocrx_word' id='word_1_193' title='bbox 1145 3817 1381 3927; x_wconf 86' lang='lat' dir='ltr'>contingit,</span> <span class='ocrx_word' id='word_1_194' title='bbox 1424 3843 1468 3902; x_wconf 89' lang='lat' dir='ltr'>ut</span> <span class='ocrx_word' id='word_1_195' title='bbox 1508 3819 1625 3930; x_wconf 74' lang='lat' dir='ltr'>Prop·</span> <span class='ocrx_word' id='word_1_196' title='bbox 1661 3842 1809 3902; x_wconf 80' lang='lat' dir='ltr'>nvttt.</span> <span class='ocrx_word' id='word_1_197' title='bbox 1841 3812 2031 3900; x_wconf 81' lang='lat' dir='ltr'>ostensum</span> 
     </span>
    </p>
   </div>
   <div class='ocr_carea' id='block_1_9' title="bbox 693 3926 2156 4836">
    <p class='ocr_par' dir='ltr' id='par_1_9' title="bbox 693 3926 2156 4836">
     <span class='ocr_line' id='line_1_27' title="bbox 733 3926 2076 4044; baseline -0.006 -26"><span class='ocrx_word' id='word_1_198' title='bbox 733 3934 853 4039; x_wconf 85' lang='lat' dir='ltr'>est,)</span> <span class='ocrx_word' id='word_1_199' title='bbox 879 3929 1172 4014; x_wconf 86' lang='lat' dir='ltr'>eminentiarum</span> <span class='ocrx_word' id='word_1_200' title='bbox 1210 3931 1319 4031; x_wconf 81' lang='lat' dir='ltr'>hujus</span> <span class='ocrx_word' id='word_1_201' title='bbox 1348 3926 1571 4040; x_wconf 78' lang='lat' dir='ltr'>spbaeroidis</span> <span class='ocrx_word' id='word_1_202' title='bbox 1599 3957 1709 4016; x_wconf 81' lang='lat' dir='ltr'>extra</span> <span class='ocrx_word' id='word_1_203' title='bbox 1729 3930 1895 4042; x_wconf 80' lang='lat' dir='ltr'>globum</span> <span class='ocrx_word' id='word_1_204' title='bbox 1915 3933 2030 4014; x_wconf 79' lang='lat' dir='ltr'>Lunae</span> <span class='ocrx_word' id='word_1_205' title='bbox 2059 4023 2076 4044; x_wconf 24' lang='grc' dir='ltr'>ἱ</span> 
     </span>
     <span class='ocr_line' id='line_1_28' title="bbox 731 4035 2029 4154; baseline 0 -28"><span class='ocrx_word' id='word_1_206' title='bbox 731 4046 837 4144; x_wconf 82' lang='lat' dir='ltr'>idem</span> <span class='ocrx_word' id='word_1_207' title='bbox 860 4047 932 4128; x_wconf 88' lang='lat' dir='ltr'>erit</span> <span class='ocrx_word' id='word_1_208' title='bbox 950 4068 1142 4154; x_wconf 88' lang='lat' dir='ltr'>perpetuo</span> <span class='ocrx_word' id='word_1_209' title='bbox 1168 4044 1209 4124; x_wconf 86' lang='lat' dir='ltr'>itr</span> <span class='ocrx_word' id='word_1_210' title='bbox 1233 4035 1429 4154; x_wconf 86' lang='lat' dir='ltr'>superficie</span> <span class='ocrx_word' id='word_1_211' title='bbox 1467 4046 1583 4128; x_wconf 77' lang='lat' dir='ltr'>Luna</span> <span class='ocrx_word' id='word_1_212' title='bbox 1603 4045 1704 4128; x_wconf 81' lang='lat' dir='ltr'>litus.</span> <span class='ocrx_word' id='word_1_213' title='bbox 1759 4039 2029 4128; x_wconf 82' lang='lat' dir='ltr'>lndurescente</span> 
     </span>
     <span class='ocr_line' id='line_1_29' title="bbox 733 4152 2030 4270; baseline -0.002 -30"><span class='ocrx_word' id='word_1_214' title='bbox 733 4156 898 4269; x_wconf 87' lang='lat' dir='ltr'>proinde</span> <span class='ocrx_word' id='word_1_215' title='bbox 922 4157 1105 4268; x_wconf 88' lang='lat' dir='ltr'>paulatim</span> <span class='ocrx_word' id='word_1_216' title='bbox 1133 4153 1247 4236; x_wconf 73' lang='lat' dir='ltr'>Lunae</span> <span class='ocrx_word' id='word_1_217' title='bbox 1274 4155 1432 4239; x_wconf 73' lang='lat' dir='ltr'>matetii</span> <span class='ocrx_word' id='word_1_218' title='bbox 1467 4155 1590 4242; x_wconf 34' lang='lat' dir='ltr'>*fluida</span> <span class='ocrx_word' id='word_1_219' title='bbox 1618 4152 1697 4258; x_wconf 69' lang='lat' dir='ltr'>seu,</span> <span class='ocrx_word' id='word_1_220' title='bbox 1717 4159 1861 4256; x_wconf 88' lang='lat' dir='ltr'>molli,</span> <span class='ocrx_word' id='word_1_221' title='bbox 1919 4153 2030 4270; x_wconf 79' lang='lat' dir='ltr'>spba-</span> 
     </span>
     <span class='ocr_line' id='line_1_30' title="bbox 733 4267 2029 4384; baseline -0.002 -30"><span class='ocrx_word' id='word_1_222' title='bbox 733 4269 852 4354; x_wconf 87' lang='lat' dir='ltr'>roidis</span> <span class='ocrx_word' id='word_1_223' title='bbox 875 4271 984 4374; x_wconf 69' lang='lat' dir='ltr'>huius</span> <span class='ocrx_word' id='word_1_224' title='bbox 1014 4267 1229 4372; x_wconf 85' lang='lat' dir='ltr'>eminentiae</span> <span class='ocrx_word' id='word_1_225' title='bbox 1243 4269 1282 4350; x_wconf 85' lang='lat' dir='ltr'>in</span> <span class='ocrx_word' id='word_1_226' title='bbox 1306 4271 1422 4354; x_wconf 81' lang='lat' dir='ltr'>Lunae</span> <span class='ocrx_word' id='word_1_227' title='bbox 1454 4267 1650 4382; x_wconf 85' lang='lat' dir='ltr'>superficie</span> <span class='ocrx_word' id='word_1_228' title='bbox 1688 4267 1933 4384; x_wconf 85' lang='lat' dir='ltr'>quiescentes</span> <span class='ocrx_word' id='word_1_229' title='bbox 1960 4271 2029 4353; x_wconf 89' lang='lat' dir='ltr'>eti·</span> 
     </span>
     <span class='ocr_line' id='line_1_31' title="bbox 732 4379 2155 4494; baseline -0.001 -28"><span class='ocrx_word' id='word_1_230' title='bbox 732 4409 797 4466; x_wconf 84' lang='lat' dir='ltr'>am</span> <span class='ocrx_word' id='word_1_231' title='bbox 824 4383 1109 4478; x_wconf 87' lang='lat' dir='ltr'>induruerunt,</span> <span class='ocrx_word' id='word_1_232' title='bbox 1145 4379 1300 4494; x_wconf 84' lang='lat' dir='ltr'>ipsaque</span> <span class='ocrx_word' id='word_1_233' title='bbox 1332 4386 1440 4468; x_wconf 78' lang='lat' dir='ltr'>[una</span> <span class='ocrx_word' id='word_1_234' title='bbox 1472 4412 1522 4467; x_wconf 83' lang='lat' dir='ltr'>ex</span> <span class='ocrx_word' id='word_1_235' title='bbox 1547 4383 1657 4484; x_wconf 85' lang='lat' dir='ltr'>molli</span> <span class='ocrx_word' id='word_1_236' title='bbox 1685 4385 1781 4468; x_wconf 85' lang='lat' dir='ltr'>dura</span> <span class='ocrx_word' id='word_1_237' title='bbox 1812 4381 1911 4468; x_wconf 65' lang='lat' dir='ltr'>falia</span> <span class='ocrx_word' id='word_1_238' title='bbox 1931 4385 2030 4468; x_wconf 87' lang='lat' dir='ltr'>hanc</span> <span class='ocrx_word' id='word_1_239' title='bbox 2154 4425 2155 4474; x_wconf 66' lang='lat' dir='ltr'>r</span> 
     </span>
     <span class='ocr_line' id='line_1_32' title="bbox 693 4491 2156 4610; baseline -0.005 -30"><span class='ocrx_word' id='word_1_240' title='bbox 693 4495 894 4606; x_wconf 81' lang='lat' dir='ltr'>-figurant</span> <span class='ocrx_word' id='word_1_241' title='bbox 925 4491 1176 4604; x_wconf 77' lang='lat' dir='ltr'>sphaeroidem</span> <span class='ocrx_word' id='word_1_242' title='bbox 1208 4497 1422 4608; x_wconf 84' lang='lat' dir='ltr'>oblongam</span> <span class='ocrx_word' id='word_1_243' title='bbox 1452 4497 1597 4584; x_wconf 87' lang='lat' dir='ltr'>retinet</span> <span class='ocrx_word' id='word_1_244' title='bbox 1631 4527 1643 4587; x_wconf 70' lang='grc' dir='ltr'>ε</span> <span class='ocrx_word' id='word_1_245' title='bbox 1692 4493 1798 4582; x_wconf 74' lang='lat' dir='ltr'>secata</span> <span class='ocrx_word' id='word_1_246' title='bbox 1833 4521 1955 4610; x_wconf 85' lang='lat' dir='ltr'>atque</span> <span class='ocrx_word' id='word_1_247' title='bbox 1989 4495 2029 4578; x_wconf 89' lang='lat' dir='ltr'>in</span> <span class='ocrx_word' id='word_1_248' title='bbox 2150 4501 2156 4573; x_wconf 72' lang='lat' dir='ltr'>l</span> 
     </span>
     <span class='ocr_line' id='line_1_33' title="bbox 732 4602 2154 4810; baseline -0.004 -114"><span class='ocrx_word' id='word_1_249' title='bbox 732 4616 852 4696; x_wconf 84' lang='lat' dir='ltr'>Terra</span> <span class='ocrx_word' id='word_1_250' title='bbox 880 4607 955 4710; x_wconf 86' lang='lat' dir='ltr'>fit,</span> <span class='ocrx_word' id='word_1_251' title='bbox 989 4607 1030 4692; x_wconf 87' lang='lat' dir='ltr'>in</span> <span class='ocrx_word' id='word_1_252' title='bbox 1071 4627 1149 4720; x_wconf 89' lang='lat' dir='ltr'>qua</span> <span class='ocrx_word' id='word_1_253' title='bbox 1178 4602 1397 4721; x_wconf 78' lang='lat' dir='ltr'>sphaetoldis</span> <span class='ocrx_word' id='word_1_254' title='bbox 1425 4613 1551 4698; x_wconf 66' lang='lat' dir='ltr'>fluida</span> <span class='ocrx_word' id='word_1_255' title='bbox 1587 4612 1805 4697; x_wconf 71' lang='lat' dir='ltr'>emittendae</span> <span class='ocrx_word' id='word_1_256' title='bbox 1834 4637 1945 4810; x_wconf 63' lang='lat' dir='ltr'>erstctra</span> <span class='ocrx_word' id='word_1_257' title='bbox 1975 4610 2031 4690; x_wconf 89' lang='lat' dir='ltr'>in·</span> <span class='ocrx_word' id='word_1_258' title='bbox 2149 4632 2154 4669; x_wconf 86' lang='lat'><strong>¹</strong></span> 
     </span>
     <span class='ocr_line' id='line_1_34' title="bbox 1895 4747 2033 4836; baseline 0.007 -28"><span class='ocrx_word' id='word_1_259' title='bbox 1895 4747 2033 4836; x_wconf 83' lang='lat' dir='ltr'>nptatn</span> 
     </span>
    </p>
   </div>
   <div class='ocr_carea' id='block_1_10' title="bbox 0 0 2192 5694">
    <p class='ocr_par' dir='ltr' id='par_1_10' title="bbox 0 0 2192 5694">
     <span class='ocr_line' id='line_1_35' title="bbox 0 0 2192 5694; baseline 0 2"><span class='ocrx_word' id='word_1_260' title='bbox 0 0 2192 5694; x_wconf 95' lang='lat' dir='ltr'> </span> 
     </span>
    </p>
   </div>
  </div>
 </body>
</html>
