4322 5686
691 549 774 623 740,
883 525 1426 614 Arrnoreoursa
1478 525 1877 601 nnrsrcae.

748 673 889 758 Volvae
910 674 990 756 haec
1026 671 1218 760 Luuicolis
1240 665 1409 752 smssiter
1430 659 1559 750 crescit
1588 660 1882 776 decrescitque,
1904 657 2030 746 finis·

695 793 866 908 libusque
904 791 1084 890 Phafibus,
1121 847 1137 889 ,
1179 796 1218 874 &
1264 815 1420 902 propter
1454 787 1605 874 easdem
1639 791 1807 874 rationes
1842 847 1856 888 ‚
1905 809 2025 897 atque

697 921 811 1008 nobis
840 921 981 1007 Luna;
1028 912 1153 998 sed&
1182 912 1317 998 eadem
1347 912 1520 998 Phafium
1551 912 1769 1011 Periodus,
1808 939 1930 1024 quam
1951 939 2026 994 nos

698 1040 896 1137 Mensem,
935 1039 989 1118 illi
1016 1039 1133 1120 Diem
1162 1036 1371 1120 naturalem
1402 1041 1608 1150 appellant.
1680 1039 1754 1122 illis
1770 1037 1909 1148 quilius
1923 1035 2025 1116 Vol·

697 1197 749 1254 na
789 1169 827 1249 in
865 1161 1082 1244 Meridiano
1111 1160 1265 1244 videtur
1297 1165 1589 1266 Novivolvium
1629 1165 1682 1249 est
1722 1160 1802 1272 ipso
1840 1157 2024 1251 Meridie,

697 1295 817 1408 prima
847 1285 1005 1398 Qadra
1051 1282 1242 1399 vespere,
1294 1288 1578 1373 Plenivolvium
1619 1283 1745 1374 medii
1772 1290 1943 1382 Nolle,
1981 1289 2027 1364 ὅ(

696 1419 832 1502 ultima
874 1409 1035 1524 Qadra
1077 1407 1201 1492 mane.-
1282 1412 1361 1521 Qi
1389 1406 1455 1492 sub
1483 1412 1605 1511 altero
1633 1413 1775 1522 quovis
1804 1407 2023 1490 Meridiano

698 1525 847 1638 degunt
874 1521 897 1604 a
925 1519 1142 1602 Meridiano
1172 1517 1350 1622 praediolo
1381 1521 1477 1632 (qui
1507 1522 1713 1630 precipuus
1741 1521 1821 1616 est,
1863 1521 1900 1598 δι
1928 1541 2032 1622 pro-

696 1661 783 1745 pter
810 1630 919 1712 situm
949 1623 1118 1710 G‘rculus
1146 1621 1458 1708 Medi‘volvaenm
1482 1629 1674 1712 Lunicolis
1705 1629 1790 1737 post
1819 1619 2030 1732 Keplernm·

697 1737 978 1833 nominandus)
1008 1737 1047 1816 in
1077 1759 1204 1818 ortum
1232 1737 1296 1818 vel
1325 1733 1499 1820 occasum
1527 1737 1715 1833 distante,
1752 1734 1850 1817 idem
1874 1732 2022 1814 habent

698 1845 878 1959 cujusque
903 1841 1068 1930 Phaseos
1105 1869 1342 1929 momentum
1374 1841 1526 1928 diverso
1554 1851 1747 1928 Horarum
1776 1869 1937 1924 numero
1966 1842 2022 1922 in-

697 1959 909 2072 signitum,
955 1950 1158 2034 secundum
1197 1949 1404 2062 MeridIani'
1436 1951 1491 2036 sui
1531 1955 1742 2037 distantiam
1770 1951 1793 2036 i
1825 1948 2029 2034 Mediuol-

697 2083 804 2152 v'ano
833 2062 974 2146 circulo
1002 2119 1015 2157 ‚
1056 2065 1096 2142 δι
1122 2060 1315 2144 Horarum
1344 2090 1541 2146 numerum
1570 2065 1608 2145 in
1638 2089 1732 2174 quas
1761 2063 1878 2152 Diem
1903 2051 2023 2167 dispe·

697 2175 840 2261 scunt3
881 2169 1048 2282 ideoque
1075 2165 1211 2251 Phases
1239 2169 1379 2253 Voluae
1405 2175 1532 2252 Horas
1561 2191 1736 2268 notant,
1781 2173 2024 2278 cuipropo-

697 2283 772 2366 lito
801 2279 974 2363 distantia
1002 2278 1102 2360 Solis
1130 2275 1153 2361 i
1181 2278 1348 2376 Volva,
1378 2277 1427 2360 de
1455 2282 1532 2363 Die
1558 2276 1796 2374 observata,
1825 2279 1945 2360 etiam
1970 2277 2026 2356 in-

699 2391 826 2476 servit.
905 2385 1025 2470 Unde
1054 2387 1189 2469 Volva
1215 2385 1294 2468 haec
1322 2388 1528 2499 Horologii
1557 2389 1734 2476 omnibus
1761 2385 2023 2472 Subvolvanis

563 2561 581 2573 -
700 2497 860 2612 eupoliti
897 2497 1002 2577 vices
1037 2495 1174 2604 gerit:
1232 2495 1381 2578 Etenim
1419 2523 1466 2577 ex
1493 2495 1667 2580 Phalium
1681 2491 1840 2590 suarum
1869 2492 2024 2575 diverfi-

699 2635 824 2705 tate,
869 2633 916 2687 ex
961 2603 1060 2685 Solis
1102 2604 1353 2716 Fixarumque
1399 2602 1449 2686 ad
1486 2605 1587 2686 illam
1631 2601 1818 2718 appulsu,
1858 2630 1908 2684 ex
1937 2602 2025 2685 Poli

699 2745 817 2828 quem
836 2705 1009 2796 “ostencltt
1036 2712 1226 2810 nomine,
1255 2739 1303 2794 ex
1330 2712 1565 2794 Macularum
1595 2711 1682 2796 deni
1713 2742 1760 2796 ue
1788 2707 1938 2794 suarum
1965 2739 2025 2792 ce-

701 2827 770 2906 leri
798 2845 933 2912 motui
966 2825 1079 2919 (nam
1107 2819 1250 2904 Volvae
1278 2845 1402 2928 partes
1430 2821 1654 2920 notabiles,
1748 2845 1859 2904 ontes
1889 2819 2019 2916 nostri,

702 2935 857 3027 Lacus,
901 2923 1057 3022 Insulae,
1097 2927 1219 3009 Maria
1249 2933 1324 3010 &o
1370 2929 1485 3012 etiam
1512 2931 1606 3013 citra
1642 2929 1929 3014 illustrationem
1955 2929 2025 3009 im-

701 3039 906 3122 mediatam
935 3033 1100 3130 isole,
1141 3037 1178 3116 in
1208 3032 1446 3145 conspectum
1474 3041 1666 3136 veniunt,
1699 3033 1902 3148 praesertim
1931 3063 2024 3146 pau-

701 3148 742 3230 li)
770 3171 858 3228 ante
886 3144 948 3225 vel
979 3143 1060 3252 post
1092 3143 1410 3242 Novivoltium,
1438 3143 1529 3228 ficut
1553 3145 1665 3229 nobis
1684 3145 1798 3229 Lunae
1812 3169 1939 3258 partes
1958 3173 2024 3227 an·

702 3275 743 3337 te
768 3258 806 3339 u
836 3253 918 3363 post
943 3251 1201 3334 Novrlunium
1223 3311 1236 3350 ‚
1260 3253 1366 3336 lieet
1394 3257 1535 3336 caretis
1563 3256 1715 3365 paribus
1743 3283 1823 3338 non
1848 3279 1928 3338 tam
1948 3254 2023 3336 cla·

700 3391 772 3460 re,
801 3385 957 3472 propter
985 3362 1172 3442 minorem
1200 3359 1481 3445 illustrationem
1507 3389 1576 3472 per
1603 3365 1862 3447 relectionem
1891 3357 1915 3444 i
1944 3364 2018 3443 mi-

701 3497 797 3553 nore
819 3473 924 3550 Luna
945 3466 1080 3548 fallam
1101 3527 1114 3566 ‚
1149 3495 1264 3578 quam
1286 3465 1308 3550 i
1329 3471 1476 3574 majore
1495 3471 1659 3569 Territa)
1687 3473 1808 3560 Diem
1832 3473 2017 3554 Nollem-

701 3605 780 3689 que
809 3575 1074 3684 (longillrmas
1098 3577 1254 3688 quidem
1283 3603 1345 3657 eas
1363 3577 1385 3674 )⁴
1419 3579 1459 3659 in
1487 3601 1612 3688 partes
1639 3576 1722 3665 satis
1752 3579 1889 3662 multas
1916 3607 2028 3660 com-

701 3684 820 3768 mode
848 3684 999 3767 dividit.
1057 3686 1133 3766 Sed
1166 3690 1204 3766 ἃ
1227 3683 1306 3766 haec
1329 3687 1463 3770 eadem
1483 3688 1615 3768 Volua
1631 3685 1736 3770 Anni
1759 3711 1879 3798 partes
1893 3687 2025 3770 osten·

701 3795 759 3876 dit
786 3788 870 3873 satis
899 3791 1107 3886 luculenter
1133 3793 1255 3876 modo
1289 3787 1464 3898 sequenti
1501 3827 1509 3872 t
1569 3797 1672 3878 Cum
1700 3820 1870 3908 tempore
1899 3797 2025 3878 AEsta·

675 3905 748 3986 ,ti's
776 3881 936 4011 Europle
966 3901 1128 4000 incolis,
1169 3900 1286 3983 Polus
1325 3901 1484 3985 Telluris
1520 3903 1675 4012 arcticus
1703 3927 1840 3986 annuat
1869 3901 1924 3984 ad
1953 3907 2019 3988 So

700 4008 817 4105 lem,
864 4014 902 4089 &
946 4010 1093 4122 integra
1135 4013 1243 4096 zona
1279 4005 1416 4122 frigida
1454 4009 1638 4095 aruicaa
1676 4013 1767 4096 Sole
1794 4037 1862 4122 per
1893 4012 2015 4121 plures

700 4115 765 4195 die
805 4115 988 4199 illustrata
1026 4143 1178 4201 maneat
1211 4176 1226 4214 ‚
1277 4115 1396 4228 fitque
1431 4119 1560 4226 'lgellus
1594 4120 1726 4204 vnostra
1753 4119 2014 4202 Lunicolanm

701 4220 834 4302 Volva
862 4227 966 4328 cujus
995 4225 1109 4306 Polus
1134 4225 1206 4306 iste·
1219 4283 1232 4320 ,
1275 4253 1389 4338 magn
1443 4253 1490 4309 ue
1516 4227 1755 4310 circumcirca
1783 4228 1926 4338 regio,
1954 4227 2014 4308 ali·

699 4323 777 4444 qui
793 4327 949 4434 cujusvis
967 4330 1247 4443 Nyehtlremeri
1260 4358 1369 4444 parte
1384 4337 1424 4418 vi
1453 4359 1538 4418 etur
1554 4366 1566 4427 3
1594 4358 1730 4445 patet,
1755 4329 1844 4418 ciam
1856 4337 2014 4456 maxima

778 4495 784 4503 -
1912 4465 2011 4556 regio
