4322 5686
230 537 314 642 'u'
340 559 739 642 eaonsrnrca
777 553 1113 644 ternanta,
1167 569 1253 647 ιιι.
1288 568 1329 648 r.
1374 584 1461 669 ..σῃ
1539 651 1544 660 .

153 697 194 792 ri
218 701 333 821 Prop.
352 707 503 822 praec.)
527 707 681 818 primi,
722 704 888 796 secundi
915 713 955 794 δι
985 709 1098 799 tertii
1118 711 1206 798 vice
1235 705 1531 840 commodillgl·
1547 707 1604 762 '⁶¹‘

153 822 246 908 sime
275 819 469 912 assumitur
499 851 571 937 pro
600 824 763 938 velligio
783 827 963 912 Cometa
991 827 1031 909 in
1063 827 1183 942 plano
1214 830 1425 942 Ecliptica.
1503 806 1536 864 ‘⁸'
1552 799 1580 839 ⁸⁴

222 941 268 1022 In
296 941 444 1052 pundlis
474 965 499 1024 c
524 943 565 1022 lle
594 959 665 1029 2c
692 940 817 1024 modo
849 939 1032 1055 praedidlo
1070 967 1367 1056 praeterpropter
1400 946 1469 1031 de·-

154 1054 439 1152 terminandis,
480 1082 562 1138 non
590 1079 679 1139 rato
711 1058 752 1138 in
778 1055 1071 1169 operationibus
1097 1059 1287 1169 graphicis
1318 1063 1474 1144 anetho·

154 1165 429 1275 dotentatival
454 1169 748 1282 procedendum
782 1171 883 1266 erit,
910 1168 977 1252 ubi
1006 1173 1222 1255 accuratior
1245 1198 1311 1256 aut
1338 1170 1477 1258 saltent.

156 1285 276 1392 plene
307 1283 559 1367 Geometrica
590 1283 745 1373 deficitr
786 1310 915 1395 neque
946 1308 1047 1396 opus
1077 1285 1131 1368 cll
1158 1287 1312 1370 Curvas
1345 1290 1476 1371 minus

158 1396 374 1508 parabiles,
404 1397 545 1512 quibus
562 1397 601 1481 in
620 1397 902 1483 construdione
915 1424 1015 1511 opus
1034 1391 1155 1499 elles,
1188 1400 1251 1486 hic
1270 1399 1473 1488 adhibere.

342 1559 1284 1676 propostam-xxviii.

155 1776 371 1888 Prfitt'onem
397 1775 523 1862 Linea
543 1713 743 1861 'Nodum
769 1775 997 1888 Traejelloriae
1026 1773 1173 1862 (lancta
1200 1835 1213 1868 ,
1251 1727 1476 1894 Tenrpusque

211 1895 358 2006 quando
388 1889 536 1978 Omen
556 1890 684 1976 Nodos
706 1916 840 1979 tener,
874 1889 1138 1977 determinare.

150 2080 353 2286 'Iisdem'
369 2085 618 2172 manentibus
645 2089 685 2168 δι
709 2111 780 2199 per
800 2079 952 2172 easdem
970 2063 1100 2174 literas
1118 2083 1323 2200 delignatis
1348 2111 1469 2201 atque
1497 2151 1526 2211 ἦ
1594 2157 1598 2168 .

219 2202 260 2283 in
290 2199 623 2311 praecedentibus,
660 2203 770 2285 redlae
795 2225 824 2284 o
842 2225 905 2298 x,
945 2213 1004 2298 οξ
1034 2199 1299 2316 producantur
1335 2204 1467 2288 donec
1519 2172 1550 2232 ⁸⁵
1568 2171 1601 2232 ⁵

151 2341 392 2399 concurrunt
418 2315 459 2399 in
490 2325 544 2419 sl,
569 2345 579 2395 ι
601 2317 782 2426 jungatur
819 2339 885 2398 so
894 2371 909 2414 ,
940 2343 1030 2414 sx,
1064 2343 1084 2400 s
1107 2324 1172 2418 Ji,
1236 2315 1343 2400 Prius
1372 2317 1466 2402 data

152 2425 268 2515 erant
293 2428 427 2514 omnia
457 2433 599 2541 punlla
630 2458 674 2527 s,
718 2433 805 2512 0&
831 2454 887 2529 x,
925 2430 1107 2543 adeoque
1145 2429 1324 2541 trianguli
1359 2448 1472 2516 sote

152 2568 237 2629 tarn
261 2543 382 2629 latera
412 2571 532 2656 quam
559 2541 720 2656 angulis
763 2546 805 2628 δι
830 2543 996 2657 proinde
1023 2543 1185 2658 angulus
1215 2554 1348 2648 sxl'l
1382 2544 1471 2633 illo·

155 2685 242 2766 turn
263 2658 330 2744 uni
346 2659 543 2774 deinceps.
575 2662 733 2755 Porro,
762 2657 790 2740 st
817 2686 886 2770 pet
912 2659 1115 2753 Educatur
1140 2673 1196 2759 ξι
1226 2657 1276 2742 ad
1302 2687 1366 2760 xo
1402 2683 1471 2766 pa·

153 2769 320 2873 rallcla,
352 2779 461 2860 redlae
491 2803 518 2858 o
537 2809 559 2849 u
590 2797 797 2856 occurrens
821 2773 927 2872 ino,
956 2797 1069 2857 erunt
1095 2772 1285 2884 triangula
1312 2809 1334 2850 a
1356 2767 1409 2855 οξ
1428 2775 1471 2854 δι

152 2903 218 2988 {x
237 2897 291 2990 (ξι,
323 2888 592 3000 aequiangular
631 2883 815 2996 adeoque
844 2912 933 2969 cum
965 2913 1013 2972 ex
1045 2886 1148 2969 notis
1188 2883 1372 2972 lateribus
1404 2901 1477 2989 οξ

155 3000 332 3113 (aequali
375 3002 478 3112 ox)
509 3005 550 3084 δι
583 3025 646 3079 aa
671 2997 690 3110 (
715 2994 932 3090 differenda
950 3025 1144 3110 notarum
1181 3004 1367 3083 redarum
1406 3021 1467 3078 ιιο
1675 3077 1677 3080 ,

154 3119 236 3215 διξ
259 3116 320 3225 x)
348 3142 423 3199 una
462 3143 552 3200 cunt
580 3114 725 3226 angulo
759 3117 866 3198 reolo
902 3136 924 3176 ⁰
957 3129 1018 3216 οξ
1047 3109 1294 3199 innotescunt
1317 3115 1474 3224 reliqua
1622 3120 1623 3124 '

156 3231 345 3316 latera&
375 3229 542 3343 anguli,
580 3223 826 3313 innotescent
858 3231 898 3312 dc
932 3229 1062 3340 anguli
1094 3223 1274 3340 trianguli
1305 3237 1474 3328 {rests

153 3343 237 3429 Sed
254 3341 368 3428 datur
397 3343 436 3430 in
463 3344 541 3428 hoc
566 3343 758 3454 triangulo
791 3341 890 3425 latus
916 3371 1034 3426 unum
1064 3356 1154 3440 ιιξι
1183 3340 1377 3426 dabuntur
1401 3339 1472 3448 igi.
1624 3351 1628 3358 ’

152 3481 221 3544 tur
246 3461 286 3540 δι
318 3459 500 3572 reliqua,
551 3483 693 3569 nempe
721 3485 747 3538 x
770 3465 822 3557 ξι,
855 3461 895 3539 dc
914 3472 932 3556 ξ
950 3467 1013 3558 ll·
1052 3457 1098 3537 ln
1134 3453 1329 3564 triangulo
1360 3451 1470 3535 dein.

157 3573 208 3658 de
239 3581 364 3674 „llas
404 3571 546 3658 dantur
576 3569 697 3653 latera
734 3598 813 3666 xs,
851 3579 949 3672 ιιξι,
969 3597 1056 3652 curn
1092 3568 1238 3676 angulo
1268 3566 1477 3674 interjecto

156 3696 309 3789 salla
334 3713 420 3796 'non
445 3685 583 3770 latebit
612 3685 729 3796 igitur
758 3684 921 3798 angulus
942 3693 1078 3786 sall,
1138 3681 1216 3766 Sed
1231 3740 1246 3780 ‚
1288 3708 1332 3765 ιιι
1365 3680 1475 3800 prius

157 3801 334 3886 dilium,
370 3800 483 3886 dat'ur
514 3797 656 3913 positio
687 3801 795 3881 reeta
823 3828 907 3894 ει,
943 3797 1022 3883 save
1053 3796 1216 3910 angulus
1247 3823 1365 3908 quern
1388 3794 1474 3877 hacc

154 3914 255 4002 facit
279 3942 368 3999 cunt
391 3943 418 3998 τ
433 3945 487 4000 x,
513 3917 619 4020 cujus
637 3912 794 4026 'posrtio
816 3916 870 3999 cll
893 3911 1322 4007 Observationum,
1348 3915 1477 4010 inam.

160 4031 202 4116 in
228 4030 424 4141 triangulo
450 4061 476 4113 x
492 4055 548 4114 ss
571 4028 711 4111 danttu
736 4027 856 4112 latera
882 4056 938 4112 ns
964 4033 1004 4110 δι
1027 4053 1106 4122 rx,
1135 4030 1176 4110 dr
1199 4023 1362 4138 angulus
1380 4047 1478 4106 xrs
1521 4059 1524 4067 «
1635 4069 1660 4128 -,

161 4144 339 4229 distantia
368 4145 468 4228 inter
491 4147 642 4228 Locum
672 4141 775 4225 Solis
804 4144 1004 4254 cognitum
1033 4143 1262 4250 Locumque
1292 4139 1479 4221 Cometa·

191 4259 291 4344 rimo
311 4253 589 4355 observatum,
624 4255 846 4340 undetrxs
883 4252 1148 4352 innotescitt)
1180 4257 1220 4334 δι
1255 4252 1370 4364 igitur
1401 4275 1477 4362 po·

162 4287 252 4459 itio
282 4375 391 4456 sellae
418 4383 469 4476 „ll
488 4403 505 4456 s
523 4378 574 4472 il
597 4397 693 4456 nota
716 4369 817 4468 erit,
857 4369 935 4454 five
957 4369 1178 4454 N-odorum-
1196 4369 1302 4450 Loca
1333 4365 1355 4446 ὲ
1380 4363 1480 4448 Sole

163 4481 258 4572 visa.
300 4489 424 4588 Quod
452 4488 609 4572 firenae
644 4511 673 4570 o
700 4509 747 4586 ⁰,
773 4481 989 4572 adfuerint
1025 4481 1216 4596 aequales,
1259 4478 1480 4564 Nodotunn

152 4603 287 4757 ‘linea
306 4603 490 4720 parallela
512 4606 566 4690 cll
590 4600 643 4690 ad
672 4627 738 4711 ox
746 4657 762 4703 s
787 4600 961 4716 ideoque
989 4597 1184 4712 politione
1211 4595 1388 4705 cognita.
1406 4699 1482 4796 Ad
