4336 5692
757 649 826 734 596
931 630 1507 714 'ASTRONOMIAE
1554 629 1900 713 PHYSICAE

547 805 738 870 ruriam.
754 772 815 858 vis
856 771 925 858 fitu
950 772 1068 859 facies
1101 775 1283 859 illustrata
1314 749 1439 856 min'us
1463 797 1529 858 aut
1561 774 1680 886 magis
1707 770 1963 854 illustrabitur
1994 799 2057 882 pto

587 883 638 960 Fi·
667 903 691 946 ¹·
752 889 905 973 minore
941 915 1008 972 aut
1048 891 1192 992 majore
1228 888 1404 970 distantia
1435 888 1588 970 Saturni
1618 885 1743 988 astru
1772 912 1799 966 n
1837 886 1906 968 vel
1936 913 1981 981 1,
2023 890 2057 967 δι

749 1001 944 1085 circularis
977 1001 1155 1086 Annulus
1209 996 1278 1084 sub
1318 1000 1437 1111 magis
1474 1005 1678 1084 contradiae
1710 1023 1778 1083 aut
1813 998 1946 1109 inagis
1970 997 2057 1080 dila·

737 1139 836 1200 ‘tatae
877 1113 1025 1224 Ellipfis
1062 1114 1193 1226 ‘specie
1228 1114 1426 1196 videbitur
1458 1145 1469 1204 ς
1522 1117 1603 1216 ejus
1645 1140 1788 1222 nempe
1820 1116 1948 1213 major
1981 1113 2055 1196 axis

746 1229 818 1313 erit
861 1228 1009 1338 ubique
1043 1228 1093 1311 ad
1143 1231 1334 1310 minorem
1393 1249 1438 1310 ut
1484 1227 1611 1314 radius
1662 1226 1714 1308 acl
1763 1224 1884 1307 smum
1927 1225 2054 1336 anguli

745 1368 829 1454 quo
875 1341 1065 1424 reeta'ex
1107 1342 1227 1424 oculo
1267 1340 1318 1423 ad
1352 1343 1433 1444 ejus
1482 1365 1658 1422 centrum
1703 1337 1817 1436 duda
1850 1337 2054 1421 inclinatur

745 1455 797 1537 ad
831 1453 982 1538 Annuli
1018 1455 1190 1564 planum.
1250 1454 1462 1537 Praedistus
1491 1455 1652 1566 angulus
1679 1481 1761 1564 quo
1784 1450 1853 1533 Sol
1902 1451 1922 1558 (
1953 1457 2052 1536 Ocu·

738 1561 854 1648 ‘lusve
905 1567 944 1648 in
994 1568 1088 1650 Sole
1133 1565 1278 1679 politus
1332 1579 1352 1672 )
1424 1563 1534 1677 supra
1589 1567 1739 1650 Annuli
1780 1564 1939 1674 planum
1965 1568 2052 1667 ‚ele-

739 1703 861 1764 ¹ratur
895 1736 909 1777 ,
959 1683 998 1762 in
1047 1683 1203 1792 ,quovis
1265 1679 1417 1764 Saturni
1468 1679 1538 1762 fitu
1593 1687 1784 1792 (putac
1823 1676 1841 1785 )
1895 1680 2050 1790 aequalis

750 1795 805 1875 est
866 1794 1013 1902 angulo
1060 1821 1144 1905 quo
1196 1795 1267 1878 Sol
1315 1789 1425 1905 supra
1478 1795 1632 1903 planum
1686 1790 1912 1902 Equatoris
1960 1797 2050 1874 Ter-

745 1905 870 1990 resttis
902 1909 1077 1990 elevatur
1115 1910 1235 2006 (hoc
1269 1907 1323 1990 est
1337 1966 1351 2004 ,
1385 1905 1488 1990 Solis
1520 1905 1792 1990 'Declinationi
1825 1904 1875 1986 ab
1908 1909 2048 2016 liqua-

748 2022 874 2126 tore)
904 2047 996 2104 cum
1015 2020 1149 2104 Tellus
1183 2021 1296 2104 distat
1325 2017 1348 2103 d
1380 2025 1547 2129 puncto,
1584 2021 1651 2104 ubi
1676 2018 1883 2104 Tetricolis
1918 2021 2047 2129 AEqui-

738 2129 921 2248 uestium
958 2133 1040 2229 est,
1082 2136 1228 2246 angulo
1259 2135 1395 2246 aquali
1421 2131 1488 2246 ipst
1505 2129 1507 2132 ’
1525 2161 1551 2215 n
1579 2159 1642 2217 sc
1677 2135 1858 2242 adeoque
1893 2136 2046 2244 petTa-

748 2246 881 2329 bulam
910 2247 1197 2332 Declinationis
1234 2251 1464 2360 pundiorum
1493 2246 1699 2358 Eclipticae-
1726 2243 1908 2330 facillime
1942 2245 2045 2332 inve.

739 2358 943 2446 'niendusz
978 2364 1085 2444 Nam
1111 2361 1213 2472 (per
1230 2365 1347 2474 Prop.
1379 2368 1527 2470 praec.)
1560 2363 1725 2445 maxima
1748 2357 1849 2446 Solis
1877 2358 2041 2443 elevatio

749 2470 859 2585 supra
895 2475 1052 2586 planum
1087 2477 1309 2588 AEquatoris
1349 2475 1549 2558 Terrestris
1589 2475 1765 2587 aqualis·
1784 2469 1837 2554 est
1877 2473 2042 2558 maxima

730 2589 830 2694 ejus
859 2589 1072 2673 elevationi
1099 2584 1209 2705 supra
1236 2590 1393 2703 planum
1424 2589 1569 2673 Annuli
1601 2588 1780 2674 Saturuii.

804 2703 972 2786 Saturno
1011 2731 1135 2813 prope
1175 2708 1357 2815 punctum
1396 2721 1422 2784 Α
1461 2703 1626 2786 haerente
1670 2700 1849 2787 Annulus
1892 2699 2040 2784 minime

743 2816 1010 2927 percipietur,
1054 2842 1137 2897 non
1167 2839 1316 2899 tantum
1353 2816 1443 2926 quia
1471 2815 1619 2927 Ellipfis
1645 2818 1728 2898 axis
1754 2815 1880 2897 minor
1907 2816 1949 2896 in
1976 2817 2041 2898 illo

749 2921 835 3010 casu
862 2930 914 3010 est
945 2924 1157 3011 admodum
1185 2956 1353 3038 parvus,
1387 2925 1452 3013 sed
1483 2931 1599 3014 etiam
1626 2933 1819 3042 precipue
1851 2927 1967 3039 quod
1991 2928 2040 3011 ob

640 3114 645 3128 .
740 3041 879 3124 radios
911 3041 1011 3124 Solis
1046 3041 1258 3126 admodum
1295 3041 1376 3125 obli
1409 3071 1457 3126 ue
1485 3045 1697 3128 incidentes
1731 3069 1864 3154 parum
1891 3041 2042 3126 illustre·
2148 3047 2149 3062 ¹

750 3177 813 3262 tur
826 3211 841 3251 ,
879 3157 919 3236 δι
943 3155 1109 3263 proinde
1131 3157 1262 3240 Oculo
1297 3156 1363 3238 vix
1380 3072 1567 3242 ienfibilis
1587 3157 1781 3242 reddatur.
1840 3155 2041 3267 Experien-

740 3262 802 3348 tii
829 3295 926 3350 vero
956 3270 1107 3353 constat
1141 3269 1190 3354 ad
1223 3270 1483 3356 illustrandam
1521 3273 1665 3356 Annuli
1688 3271 1859 3366 faciem,
1908 3271 1964 3353 ita
2003 3295 2041 3356 ut

739 3380 872 3465 uideri
900 3405 1048 3495 queat,
1084 3378 1292 3495 opus·ell'e
1319 3407 1363 3468 ut
1401 3386 1471 3469 Sol
1499 3379 1608 3498 supra
1635 3385 1737 3469 illius
1778 3386 1932 3496 planum
1968 3385 2041 3480 ele·
2147 3409 2148 3500 j

745 3520 862 3577 vetur
888 3494 1010 3581 tribus
1039 3497 1090 3580 ad
1123 3495 1322 3581 minimum
1348 3499 1559 3610 gradibuss
1591 3499 1643 3584 ad
1673 3498 1771 3582 istud
1800 3524 1895 3580 vcro
1924 3501 2044 3609 requi·

742 3604 841 3689 ritur
871 3631 915 3690 ut
945 3611 1097 3692 Saturni
1131 3609 1257 3695 Locus
1284 3614 1594 3697 Heliocentricus
1631 3610 1786 3696 distetai
1813 3611 1906 3692 loco
1933 3637 1961 3691 n
1980 3611 2041 3694 vel

748 3741 763 3800 1
795 3718 938 3830 septem
968 3743 1036 3804 aut
1067 3726 1160 3806 odio
1192 3720 1396 3834 gradibus:
1428 3725 1612 3838 &igitur
1642 3723 1832 3811 toroillo
1865 3745 2041 3837 tempore
2146 3757 2147 3812 l

744 3859 829 3943 quo
854 3836 1038 3918 Saturnus
1070 3865 1118 3920 ex
1143 3838 1237 3919 Sole
1265 3832 1451 3949 speciatur
1485 3841 1579 3922 citra
1622 3840 1687 3922 vel
1727 3838 1826 3920 ultra
1860 3843 2042 3949 punctum

741 3975 770 4027 a
795 3950 893 4044 velt
919 3949 1034 4057 (jam
1057 3946 1153 4062 saepe
1179 3945 1446 4063 descriptum)
1474 3952 1574 4040 intra
1596 3947 1633 4036 se
1662 3978 1741 4037 tem
1763 3975 1829 4034 aut
1852 3955 1946 4034 odio
1964 3979 2043 4062 gra·

503 4143 510 4150 ,
629 4149 637 4164 ,
743 4055 817 4140 clus
854 4063 997 4162 haret,
1031 4063 1110 4147 hoc
1135 4065 1210 4164 est,
1246 4063 1339 4148 dum
1366 4065 1405 4146 in
1447 4067 1594 4147 Orbitae
1616 3983 1686 4148 stiae
1717 4061 1887 4176 partibus
1919 4091 2042 4177 oppo-
2145 4137 2146 4154 ,

390 4171 394 4181 ’
744 4165 821 4252 srtis
851 4175 1071 4288 quindecim
1105 4177 1194 4262 istos
1220 4177 1359 4288 gradus
1386 4179 1597 4288 percurrit,
1636 4177 1747 4289 quod
1778 4175 1944 4259 totidem
1974 4179 2042 4260 cir-

744 4281 841 4368 citer
874 4285 1020 4372 menses
1045 4289 1186 4386 durat,
1223 4293 1303 4392 ejus
1331 4291 1525 4376 'Annulus
1561 4293 1602 4372 dr
1638 4291 1728 4374 hinc
1757 4315 1847 4373 nata
1880 4289 2039 4373 Brachia

743 4396 787 4475 ·&
812 4395 922 4484 Ansae
950 4428 1031 4482 non
1063 4403 1329 4515 apparebunt,
1364 4401 1430 4488 sed
1471 4408 1654 4489 Saturnus
1677 4403 1875 4487 rotundus
1908 4407 1949 4486 δι
1982 4397 2041 4486 so-
2144 4507 2145 4510 p

736 4506 889 4595 litarius
930 4512 1139 4599 videbitur.
1197 4519 1344 4601 Verum
1378 4518 1518 4603 limites
1560 4519 1599 4601 hi
1638 4517 1775 4601 diversi
1811 4541 1926 4600 erunt
1965 4543 2037 4628 pro

603 4636 614 4660 ·
729 4623 982 4722 ..observantis
1033 4629 1152 4739 oculi
1193 4628 1343 4742 diversa
1380 4633 1493 4734 acie,
1534 4625 1767 4744 diverfisque
1816 4629 1921 4722 Tubi
1954 4657 2035 4760 quo

1103 4819 1106 4824 .
1403 4784 1405 4788 ’
1921 4767 2039 4832 ututur
