4420 5692
736 586 818 672 ,tt
979 511 1507 650 ,strnoNorrrAE
1553 561 1887 652 antarta

545 709 812 826 ratmpmiud
843 707 1051 826 depressa:
1091 713 1240 797 Orbitae
1272 711 1361 796 huic
1396 736 1581 807 caue
1608 710 1799 826 aequalis,
1841 707 1968 794 srmilis
2001 709 2042 790 or

552 847 644 934 ru·
665 827 696 912 a
738 824 913 940 tespeslu
941 827 1064 910 centri
1101 853 1127 910 τ
1163 825 1333 910 santiliter
1366 823 1490 936 posta
1520 827 1763 936 concipiatur
1798 825 1937 908 Orbita
1964 820 2039 906 cb

730 968 813 1051 bg
846 972 856 1021 ε
899 943 945 1024 ln
974 941 1052 1024 hoc
1081 941 1194 1058 igitur
1231 936 1343 1038 casu,
1380 942 1663 1054 quamprimum
1697 938 1860 1023 Satelles
1893 961 1919 1022 1.
1951 940 2041 1019 No·

733 1056 828 1140 dum
857 1081 882 1138 c
917 1053 1069 1152 transrt,
1097 1081 1141 1138 ut
1167 1055 1218 1138 ad
1244 1055 1576 1158 conjunctionem
1603 1081 1691 1138 curn
1711 1052 1805 1136 Sole
1835 1051 1876 1134 in
1902 1079 1927 1134 o
1956 1077 2039 1162 pet·

733 1171 890 1267 veniat,
928 1171 1000 1252 Vis
1031 1193 1074 1251 ut
1103 1192 1189 1252 MN
1222 1195 1311 1251 cum
1343 1165 1556 1250 direoiione
1584 1171 1694 1251 retia
1724 1191 1755 1249 rr
1787 1187 1817 1248 Ν
1846 1162 1925 1248 five
1949 1165 2038 1246 huic

733 1283 925 1396 parallelae
961 1307 985 1364 L
1013 1311 1063 1378 r,
1098 1283 1177 1365 boc
1210 1283 1297 1379 est,
1333 1279 1384 1362 ab
1417 1307 1442 1361 n
1475 1279 1568 1365 adr
1605 1307 1746 1391 agens,
1781 1277 1898 1362 trabit
1929 1277 2038 1361 illum

732 1427 782 1482 ex
817 1395 957 1482 Orbita
990 1423 1015 1476 c
1045 1424 1069 1478 o
1099 1423 1153 1491 u,
1180 1421 1299 1506 quam
1323 1395 1417 1477 alias
1443 1419 1706 1502 percurreret,
1745 1389 2037 1476 &recedendo

730 1513 924 1624 perpetu‘o
949 1507 1078 1592 versus
1103 1537 1122 1592 s
1150 1506 1172 1591 i
1202 1509 1321 1617 plano
1348 1533 1373 1588 c
1401 1530 1426 1586 o
1460 1532 1501 1588 u¹
1518 1502 1638 1621 usque
1655 1507 1706 1590 ad
1722 1503 1889 1589 Nodum
1911 1505 2039 1618 proxi·

733 1651 866 1719 mum,
894 1647 977 1706 non
999 1625 1074 1725 jam
1105 1621 1235 1705 transrt
1257 1623 1415 1732 planum
1442 1646 1460 1701 s
1489 1647 1515 1702 r
1543 1645 1563 1704 r
1595 1619 1673 1704 srve
1699 1650 1722 1703 c
1745 1649 1776 1730 g
1799 1645 1828 1701 n
1856 1620 1897 1701 in
1920 1643 2039 1731 punc-

730 1761 778 1820 to
808 1759 859 1833 b,
896 1734 995 1830 (ubi
1028 1735 1126 1818 illud
1158 1733 1331 1820 transtret
1360 1735 1388 1817 st
1416 1734 1489 1818 Vis
1514 1733 1595 1818 haec
1621 1729 1789 1830 abesset,
1817 1735 1835 1840 )
1859 1727 1924 1838 sed
1947 1757 2037 1843 pau·

629 1917 631 1922 .
732 1848 776 1932 lo
803 1849 899 1932 citra
927 1849 1025 1932 illud
1053 1843 1221 1959 respectu
1250 1849 1352 1932 Solis
1375 1875 1426 1936 st
1451 1845 1529 1930 hoe
1556 1849 1634 1943 est,
1660 1846 1811 1929 Orbita
1839 1844 1863 1932 a
1888 1845 2037 1929 Satelli-

732 1985 772 2046 te
795 1962 924 2074 (dum
958 1960 982 2046 d
1008 1961 1060 2045 Vi
1094 1989 1126 2045 rt
1154 1985 1183 2044 rt
1218 1973 1410 2074 urgetur)
1436 1955 1630 2074 descripte
1654 1961 1800 2044 Nodus
1836 1960 1955 2072 paulo
1986 1959 2036 2040 ci-

732 2077 855 2162 terior
883 2077 935 2159 est
963 2104 1080 2188 quam
1116 2103 1143 2158 r>
1167 2083 1374 2186 pundunr,
1413 2073 1480 2158 ubi
1509 2077 1549 2156 in
1581 2073 1825 2188 praecedente
1852 2071 2036 2158 Satellitis

731 2191 983 2276 revolutione
1007 2190 1290 2274 inveniebatur.

789 2305 996 2401 Similiter,
1037 2305 1076 2387 in
1116 2303 1274 2386 transrtu
1305 2303 1490 2388 Satellitis
1523 2299 1699 2388 aiNodo
1736 2329 1764 2386 o
1794 2301 1848 2386 ad
1875 2297 2035 2415 Opposi-

732 2419 891 2502 tionem'
914 2445 1003 2501 cum
1037 2418 1132 2505 Sole
1155 2416 1194 2498 in
1222 2443 1270 2514 u,
1296 2421 1367 2515 Vis
1401 2443 1444 2501 ut
1474 2445 1506 2500 u
1536 2445 1565 2500 tv
1599 2443 1718 2531 agens
1745 2411 1955 2500 secundum
1979 2412 2064 2494 di·'

731 2531 944 2618 restionem
973 2557 1005 2613 tt
1030 2515 1100 2614 a(
1097 2530 1147 2613 ab
1180 2555 1214 2612 u
1240 2527 1369 2616 versus
1400 2553 1454 2630 N,
1481 2530 1560 2616 srve
1588 2531 1639 2616 ab
1674 2558 1700 2612 ι
1732 2523 1863 2613 versus
1902 2555 1945 2624 r,
1982 2523 2036 2610 sa·

729 2649 785 2730 tit
811 2671 854 2729 ut
885 2645 1047 2728 Satelles
1079 2671 1104 2727 n
1129 2669 1321 2757 perpetuo
1347 2646 1504 2731 recedat
1532 2645 1583 2729 ab
1614 2641 1756 2727 Orbita
1780 2667 1808 2724 ι)
1838 2667 1859 2724 a
1887 2667 1937 2739 c,
1964 2644 2036 2722 Or·

731 2758 934 2868 bitamque
965 2752 1155 2839 describat
1197 2759 1248 2840 ad
1279 2758 1438 2868 planum
1472 2785 1492 2840 s
1519 2783 1541 2837 a
1569 2783 1596 2838 r
1636 2756 1716 2840 srve
1754 2757 1781 2838 b
1811 2751 1834 2834 b
1860 2779 1885 2837 c
1911 2752 2035 2837 minus

732 2871 968 2954 inclinatam.
1028 2870 1214 2980 Cumque
1241 2868 1323 2950 haec
1354 2871 1426 2952 Vis
1457 2873 1497 2952 in
1523 2871 1736 2955 Satellitem
1761 2895 1786 2952 ι
1811 2867 1928 2951 Vires
1954 2863 2035 2951 suas

732 3009 866 3067 exerat
890 2979 1008 3096 usque
1033 2981 1128 3064 dum
1155 2975 1360 3067 evanescat
1386 2983 1490 3080 haec,
1518 3009 1659 3096 nempe
1684 3010 1772 3067 cum
1801 2983 1963 3066 Satelles
1986 2977 2034 3062 ad

733 3096 1028 3204 Qadratutam
1052 3094 1145 3177 inc
1181 3095 1380 3207 pervenit,
1409 3095 1502 3181 sacit
1530 3099 1647 3179 etiam
1676 3119 1720 3182 ttt
1750 3095 1890 3180 Orbita
1920 3093 1944 3179 a
1971 3095 2034 3178 Sa·

732 3207 858 3294 tellite
891 3233 1025 3295 revera
1055 3203 1243 3324 descripta
1271 3211 1384 3293 citius
1421 3205 1625 3294 intersecet
1664 3211 1822 3321 planum
1861 3203 2031 3316 begu

731 3339 851 3438 quam
886 3323 1027 3408 Orbita
1054 3348 1082 3406 ο
1111 3349 1135 3405 u
1163 3350 1188 3406 c
1215 3355 1275 3423 o,
1317 3323 1397 3407 save
1431 3325 1549 3436 paulo
1580 3324 1738 3434 propius
1776 3322 1827 3405 ad
1857 3319 1881 3401 b
1919 3347 2033 3434 quam

729 3440 785 3522 eil
819 3441 1005 3547 pundum
1034 3463 1102 3534 e,
1148 3437 1283 3550 ibique
1322 3437 1471 3521 Orbita
1511 3435 1696 3521 Satellitis
1740 3436 1907 3519 Nodum
1944 3463 2033 3534 ,cum

730 3552 852 3662 plano
880 3551 998 3635 Orbis
1027 3551 1080 3633 sui
1116 3552 1286 3637 Primatii
1316 3553 1534 3635 constituat.
1594 3550 1732 3662 Atque
1766 3549 1885 3633 srmile
1915 3543 2032 3632 rursus

730 3663 800 3749 siet
829 3659 923 3748 dum
957 3663 1120 3750 Satelles
1149 3658 1318 3750 secundo
1351 3691 1529 3778 peragrat
1540 3661 1832 3760 ,semicirculum
1864 3688 1892 3746 c
1922 3687 1949 3744 o
1979 3687 2034 3749 ua

730 3775 877 3862 Nudus
927 3805 1098 3890 nempe,
1155 3776 1234 3864 five
1273 3785 1455 3890 pontium
1498 3780 1537 3859 in
1583 3803 1665 3889 quo
1700 3776 1865 3863 Satelles
1897 3773 2034 3880 trajicit

725 3888 753 3976 b
781 3917 857 4000 cg
884 3919 938 3992 o,
965 3893 1086 3979 estin
1113 3893 1386 3978 antecedentia
1415 3886 1584 4000 respectu
1608 3891 1739 4000 puncti
1763 3892 1909 4002 inquo
1936 3887 2033 3972 illud

647 4023 651 4031 “
729 4003 921 4199 postremi
945 4009 1033 4090 vice
1063 4009 1294 4110 trajecerat,
1334 4028 1453 4114 arque
1478 4004 1532 4086 ita
1567 4031 1688 4114 porro
1711 4035 1724 4096 t
1750 4004 1828 4086 boc
1855 4004 1931 4101 esi,
1963 4004 2032 4086 Vis

760 4143 813 4198 arc
847 4141 934 4202 utu
973 4116 1188 4203 Satellitem
1225 4144 1251 4199 n
1292 4117 1399 4230 cogit
1429 4118 1469 4200 in
1512 4119 1733 4218 Orbitam,
1771 4120 1879 4224 cujus
1923 4115 2032 4201 Nodi

731 4226 885 4339 sangulis
912 4232 1027 4345 ipsrus
1063 4230 1439 4316 revolutionibus
1477 4231 1577 4316 circa
1619 4261 1648 4315 ‘r
1689 4235 1729 4317 in
1763 4229 2033 4317 antecedentia

730 4367 917 4454 vergunt:
946 4343 1145 4432 celerrime
1169 4369 1298 4429 autem
1316 4346 1583 4459 regrediuntur
1607 4345 1720 4432 Nodi
1747 4373 1834 4430 cum
1860 4345 1903 4429 in
1927 4349 2032 4454 Qta·

730 4455 895 4542 dratutis
927 4485 952 4544 c
987 4467 1027 4544 δε
1063 4487 1090 4545 1)
1127 4455 1324 4544 versantur
1333 4518 1348 4559 ,
1382 4459 1610 4571 quoniam(
1634 4484 1679 4543 ut
1706 4460 1816 4573 supra
1842 4455 2032 4542 ostensum

734 4568 825 4680 eil)
863 4575 1317 4675 restauraverat,
1355 4569 1562 4660 secundum
1601 4599 1721 4688 quam
1755 4575 1836 4686 agit
1871 4573 1946 4658 Vis
1989 4596 2032 4653 ut

748 4755 751 4760 -
1947 4709 1981 4774 Μ
2004 4707 2032 4765 R
