4322 5686
702 607 838 682 7³42,v
902 559 1856 662 astuonronzernrsncnz
1911 605 1914 613 κ

701 724 901 805 stematum
921 697 940 808 ¹,
982 706 1110 810 nullo¹
1137 699 1258 816 spatio
1287 691 1583 806 conclusorum,
1618 719 1792 775 numerus
1817 681 2036 811 indefinitus

701 833 740 912 in
771 817 879 908 causa
906 819 958 902 est
992 844 1056 897 cur
1080 841 1159 894 non
1187 812 1226 891 in
1257 838 1374 893 unum
1398 820 1539 888 coeant
1564 863 1577 902 ,
1622 797 1685 883 sed
1710 799 1732 882 a
1756 797 1793 882 se
1819 821 1960 923 mutuo
1982 795 2039 876 dt·

702 936 820 1022 screta
844 930 921 1013 Dei
945 924 1141 1010 Creatoris
1165 917 1497 1030 omnipotentiam
1519 919 1558 996 ἃ
1582 910 1814 1022 Sapienuam
1839 899 2039 992 Umverso

704 1050 744 1130 in
769 1064 994 1155 perpetumn
1018 1027 1231 1115 ostendant.

1038 1245 1714 1360 nnonostttovnn
1780 1375 1827 1456 Ο

762 1489 951 1592 Pracipua
993 1477 1235 1560 Phanamena
1272 1471 1492 1554 fixarum,
1542 1465 1673 1564 Solis,
1718 1461 1764 1556 cs·
1793 1463 2047 1547 Psanerarum

820 1597 1020 1674 omnium,
1056 1590 1187 1697 'prater
1219 1581 1410 1664 Terram,
1453 1575 1590 1661 Oculo.
1602 1584 1646 1658 in
1674 1569 1793 1658 Luna
1811 1575 1918 1686 postte
1954 1569 2050 1680 visa

819 1698 1032 1820 describere.¹

789 1911 875 1993 Um
905 1907 1011 1986 luna
1050 1905 1119 2001 (ut
1150 1903 1267 2086 Prop.
1301 1879 1392 1981 Lvt.
1427 1896 1511 1978 Lib.
1548 1921 1608 1978 tv.
1642 1891 1785 1976 dietum
1816 1890 1894 1988 est)
1937 1895 1979 1977 in
2011 1888 2049 1976 se

808 2013 924 2128 ipsam
947 2011 1127 2096 volvatur
1152 2063 1165 2091 ‚
1210 2035 1232 2088 a
1284 2001 1419 2092 occasu
1442 2001 1481 2085 in
1504 2029 1658 2099 ornan,
1689 2007 1789 2087 circa
1813 1999 1943 2085 Axem
1967 2005 2048 2113 pla-

711 2159 764 2214 no
797 2122 988 2232 Eclipticae
1010 2119 1182 2228 proxime
1205 2115 1417 2198 normalem
1437 2111 1581 2224 sibique
1603 2138 1785 2224 perpetuo
1807 2112 2045 2219 parallelum,

713 2233 949 2343 aequabiliter
1003 2228 1135 2336 atique
1160 2249 1333 2332 tempore
1355 2250 1436 2334 quo
1461 2223 1569 2305 Luna
1593 2223 1692 2312 circa
1716 2225 1906 2320 Terram,
1936 2225 2049 2306 Men·

701 2343 749 2429 se
764 2337 837 2446 scs
853 2256 1085 2451 petiodlco;
1129 2356 1271 2443 patet,
1310 2331 1436 2416 Oculo
1472 2331 1513 2414 in
1551 2332 1631 2434 ejus
1671 2327 1861 2441 superficie
1905 2328 2047 2441 posto,

712 2454 844 2538 Solem
877 2510 890 2547 ,
938 2447 1081 2543 Fixas,
1115 2444 1336 2552 reliquaque
1372 2442 1504 2524 omnia
1546 2442 1660 2527 Lunae
1696 2437 1798 2522 haud
1844 2443 2065 2544 conjuncta·

716 2563 823 2663 (hoc
853 2559 905 2642 est
930 2554 1107 2638 Planetas
1131 2579 1265 2633 omnes
1280 2573 1423 2658 praeter
1449 2547 1672 2646 Tellurem)
1713 2548 1763 2631 ab
1799 2573 1888 2631 ortu
1921 2552 1962 2632 in
1985 2579 2049 2634 oc-

717 2667 842 2751 casum
883 2663 1005 2750 videri
1042 2661 1157 2742 rotati
1194 2657 1301 2767 super
1348 2658 1465 2742 Polos
1507 2658 1698 2768 Eclipticae
1740 2684 1857 2770 quam
1884 2662 2045 2742 roxime.

715 2781 885 2886 Suntque
908 2772 993 2854 Poli
1019 2768 1075 2851 isti
1099 2769 1195 2850 Fixis
1218 2765 1376 2878 insignes
1400 2798 1410 2856 ς
1452 2767 1591 2849 boreus
1621 2765 1777 2878 quidem
1797 2769 1863 2852 Ste
1896 2765 1912 2794 Λ
1938 2795 2050 2880 quar-

716 2912 763 2968 tae
787 2879 1055 2994 magnitudinis
1079 2877 1162 2985 post
1185 2876 1376 2959 Draconis
1400 2879 1581 2958 flexuram
1604 2878 1790 2974 tertiam,
1827 2875 1949 2960 tribus
1976 2879 2049 2960 cir·

719 2995 812 3074 citer
853 2987 1029 3100 gradibus
1062 2983 1085 3068 a
1121 2984 1219 3066 Polo
1247 2983 1448 3072 distante;
1494 2985 1658 3066 australis
1686 3013 1781 3068 vero
1806 2985 1933 3068 Stellis
1958 3013 2051 3098 qua·

718 3124 805 3183 tuor
836 3096 983 3206 Xiphiae
1021 3089 1127 3202 piscis
1159 3151 1172 3190 ,
1214 3089 1373 3204 quar'um
1403 3120 1477 3175 una
1512 3095 1565 3175 est
1602 3094 1701 3177 Polo
1732 3094 1896 3176 vicinior
1934 3095 2049 3206 quim

719 3209 847 3291 nostra
885 3204 1024 3314 polaris
1053 3203 1230 3297 amica,
1280 3197 1344 3283 sed
1382 3199 1506 3283 adhuc
1542 3199 1725 3312 infignior
1751 3202 1882 3287 vicini
1911 3205 2049 3288 Nube·

719 3313 805 3398 culi
850 3313 1007 3414 majore.
1092 3313 1141 3392 Et
1168 3310 1362 3419 quidem,
1414 3307 1506 3392 stcut
1545 3309 1646 3420 apud
1674 3340 1786 3409 nos,
1836 3338 1945 3396 motu
1972 3313 2051 3394 hoc

721 3422 916 3506 communi
944 3416 1112 3502 seruntur
1139 3418 1263 3500 Stella
1290 3446 1424 3502 omnes
1453 3416 1593 3502 eodem
1621 3443 1824 3531 tempore,
1859 3421 1922 3504 nist
1949 3449 2052 3532 qua-

723 3557 832 3613 tenus
861 3529 994 3616 hatum
1024 3551 1153 3610 motus
1181 3527 1324 3636 proprii
1358 3587 1370 3622 ‚
1399 3551 1483 3608 aut
1510 3530 1592 3610 veri
1621 3553 1688 3612 aut
1715 3555 1968 3640 apparentes,
2006 3532 2075 3614 il··

720 3638 787 3722 lud
826 3637 1019 3746 paululum
1046 3636 1262 3716 immutant.
1340 3638 1390 3717 Et
1431 3637 1591 3745 prime,
1631 3638 1730 3720 Solis
1760 3641 1957 3721 revolutio
1988 3670 2054 3750 ap-

722 3773 889 3859 parens,
934 3745 1034 3827 circa
1072 3738 1326 3854 quiescentem
1366 3743 1415 3826 ad
1454 3740 1594 3827 sensum
1640 3749 1785 3830 Lunam
1816 3805 1829 3844 ,
1866 3745 2054 3860 longiore

653 3935 654 3940 a
721 3881 897 3965 tempore
924 3853 1147 3964 peragitur,
1185 3877 1343 3962 propter
1372 3855 1515 3934 Lunam
1543 3855 1695 3938 interim
1723 3884 1794 3937 una
1827 3881 1918 3936 cum
1960 3865 2051 3940 Ter·

722 3992 765 4048 ra
788 3963 903 4045 'circa
939 3962 1072 4046 Solem
1112 3962 1151 4042 in
1190 3955 1461 4070 consequentia
1500 3960 1700 4053 delatam3
1744 3961 1851 4045 adeo·
1881 3989 1927 4048 ut
1957 3968 2051 4048 Dies

720 4071 898 4154 naturalis
918 4099 940 4152 a
967 4069 1019 4152 ud
1037 4071 1183 4152 lunem
1205 4062 1368 4172 ejusdem
1390 4067 1434 4150 fit
1464 4068 1674 4157 durationis
1704 4069 1790 4154 clun
1811 4067 1949 4156 Mense
1979 4103 2051 4156 no·

721 4179 796 4258 stro
831 4097 1051 4283 synodico,
1094 4178 1161 4287 qui
1180 4178 1282 4285 prius
1305 4174 1527 4284 descriptam
1550 4176 1714 4283 ejusdem
1736 4179 1943 4263 Meridiani
1974 4185 2049 4264 Lu-

720 4284 818 4366 naris
847 4287 1132 4368 revolutionem
1165 4282 1214 4365 ad
1243 4286 1404 4370 eandem
1435 4289 1564 4371 Fixam
1597 4288 1731 4372 diebus
1754 4287 1834 4374 sere
1855 4287 2048 4374 duobus&

671 4475 678 4492 ,
720 4389 854 4478 nostris
886 4393 1048 4479 excedit.
1121 4390 1241 4481 Unde
1270 4395 1373 4507 apud
1400 4397 1548 4481 lunam
1576 4399 1617 4482 in
1647 4400 1801 4518 integro
1829 4396 2077 4591 Anqqogol·

757 4559 763 4566 .
1261 4547 1264 4555 ·
2000 4525 2045 4586 c.
