4322 5686
201 545 750 626 ·&GEOMEJRICAE
786 545 1463 646 ELEMENTA.L1a.V1.751

147 674 298 758 obtinet
337 677 591 764 Astronomiae
625 683 793 766 colendae
830 683 1298 768 accommodatillimam:
1343 692 1465 784 Nam,

145 809 281 892 prater
327 790 610 898 Geographiam
637 790 942 876 accuratissrmarn
973 793 1224 876 Astronomiae
1257 795 1465 876 admodum

143 889 409 992 necessariam,
440 923 596 1009 propter
614 896 881 1010 Atmosphaerae
904 897 1109 985 absentiam
1127 903 1246 986 nubes
1269 928 1334 986 aut
1350 903 1467 984 nebu-

144 999 189 1082 lae
212 999 497 1092 observationes
524 1037 717 1121 nunquam
738 1010 978 1118 impediunt,
1010 1011 1153 1118 Sydera
1172 1013 1336 1095 interdiu
1360 1041 1388 1094 at
1419 1039 1466 1094 ue
1523 1017 1526 1024 ⁴

142 1133 189 1190 ac
213 1117 353 1211 nullu,
395 1113 641 1230 Planetalque
672 1145 805 1202 omnes
836 1119 951 1202 etiam
974 1121 1055 1202 Soli
1070 1123 1319 1308 propiqquor
1339 1038 1468 1203 obler-

16 1245 21 1252 ·
142 1245 239 1306 vare
260 1225 433 1334 poteritt
462 1225 652 1336 ideoque,
681 1226 793 1337 srqui
818 1225 914 1325 sint,
943 1230 1135 1312 Mercurro
1171 1257 1210 1310 rn
1227 1231 1365 1310 eriores
1397 1257 1471 1310 no-

143 1327 203 1411 bis
237 1327 378 1414 invisos
414 1333 596 1432 videbit,
641 1342 680 1417 δι
714 1334 998 1436 Astronomiam
1033 1340 1072 1420 in
1107 1361 1255 1419 tantum
1297 1337 1463 1448 augebit.

144 1439 328 1524 Praeterea
349 1441 494 1632 Spdera
515 1441 655 1554 absque
676 1443 917 1529 Refradlione
948 1447 1114 1556 (quippe
1135 1441 1234 1527 sada
1256 1447 1295 1528 in
1311 1441 1468 1528 Atmos·

145 1543 271 1654 phaera
303 1549 367 1633 Ob
383 1552 550 1634 ervatori
591 1552 838 1649 circundata)
868 1549 1119 1642 observabitr
1158 1553 1236 1635 lraet
1267 1551 1363 1636 verb
1384 1548 1465 1635 sola

144 1657 420 1742 Tetricolarum
449 1655 735 1766 observationes
765 1659 865 1744 adeo
885 1661 1040 1760 turbat,
1068 1686 1111 1744 ut
1129 1663 1179 1746 cle
1202 1662 1466 1745 minutioribus

143 1767 288 1878 angulis
308 1767 499 1878 capiendis
524 1795 622 1878 pene
649 1765 886 1880 desperatum
910 1767 964 1852 lit.
1020 1775 1171 1854 Porro.
1200 1770 1335 1854 Volva
1353 1771 1391 1852 in
1407 1771 1468 1852 lo·

145 1903 194 1959 co
220 1871 286 1959 suo
307 1900 432 1960 rotata
456 1876 663 1990 Horologii
677 1879 856 1962 omnibus
875 1877 1134 1963 Subvolvanis
1158 1873 1345 1986 spedandi
1361 1879 1465 1962 vices
1562 1935 1564 1938 -

143 1984 273 2096 gerit,
314 1989 353 2066 δι
381 1986 488 2087 hujus
515 2014 591 2094 ope
613 1979 923 2070 observationum
946 2010 1141 2070 momenta
1169 1985 1373 2070 commode
1394 2015 1470 2068 no-

142 2116 282 2174 tantur.
338 2094 520 2176 Omnium
542 2094 754 2177 satellitum
778 2096 941 2180 maxime
963 2093 1169 2178 commoda
1183 2097 1223 2177 in
1243 2095 1343 2178 hunc
1361 2090 1464 2177 usum

143 2199 297 2284 videtur
327 2204 434 2285 Luna
465 2202 624 2284 Telluris
657 2230 814 2288 comes:
851 2204 958 2287 Nam
977 2204 1055 2307 ejus
1078 2203 1325 2288 Astronomia
1349 2231 1467 2315 appa·

143 2335 228 2394 rens
253 2312 437 2412 (qualem
473 2306 546 2393 elle
578 2305 791 2396 nascentem
821 2341 975 2396 omnem
1004 2311 1291 2398 Astronomiam
1321 2306 1466 2396 netell'e

143 2416 224 2515 est,
252 2418 318 2503 nili
348 2447 482 2542 veruqr
506 2421 675 2530 Systema
702 2419 883 2504 divinitas
918 2421 1154 2520 innotuerit)
1183 2422 1337 2504 minime
1362 2449 1470 2502 com·
1501 2515 1506 2524 ‚

143 2521 275 2636 pofita'
303 2554 370 2610 aut
408 2555 433 2636 p
458 2529 626 2613 rturbata
661 2529 760 2628 erit,
789 2532 880 2642 quia
908 2529 1000 2613 alius
1023 2530 1142 2616 nullus
1169 2533 1315 2614 Comes
1342 2528 1471 2611 Tellu-

144 2657 225 2718 rem
250 2637 428 2734 ambitr,
479 2639 529 2722 de
557 2637 702 2722 facilius
723 2641 772 2722 ad
799 2667 932 2722 verum
955 2642 980 2722 S
1007 2638 1123 2722 stema
1149 2637 1359 2749 perveniet.
1417 2641 1466 2719 Et

142 2745 233 2828 licet
257 2745 446 2830 diameter.
465 2747 609 2849 Orbita
631 2747 761 2831 extimi
784 2747 960 2832 Satellitis
983 2667 1094 2854 lovis
1124 2773 1189 2830 aut
1210 2746 1357 2828 Saturni
1382 2739 1471 2827 sub-

142 2853 275 2939 tendat
302 2856 478 2967 angulum
503 2856 552 2938 ad
570 2857 701 2939 Solem
728 2855 807 2940 fere
830 2856 1012 2966 aqualem
1033 2853 1110 2953 illi,
1138 2883 1252 2964 quem
1276 2849 1467 2936 subtendit

143 2963 329 3046 diameter
359 2962 505 3046 Orbitae
544 2965 724 3063 lunaria,
765 2964 942 3074 adeoque
975 2964 1163 3045 Distantia
1191 2963 1289 3046 Solis
1318 2958 1339 3044 i
1365 2962 1467 3068 Jove

142 3075 306 3154 Saturno
324 3129 337 3169 ,
415 3099 433 3152 r
452 3069 740 3158 observationes
763 3076 799 3156 in
829 3075 966 3154 horum
984 3073 1217 3158 Satellitibus
1238 3071 1386 3153 extimis
1407 3055 1467 3151 in-

142 3179 318 3277 stitutas,
362 3205 523 3263 cretam
549 3187 677 3266 exacte
696 3180 844 3264 definiri
869 3205 1012 3290 queat,
1043 3205 1159 3290 atque
1181 3182 1260 3282 ejus
1277 3177 1467 3260 Distantia

141 3287 167 3373 ti
191 3287 343 3371 Tellure
365 3313 433 3397 pet
457 3285 742 3372 observationes
764 3291 802 3370 in
821 3290 927 3368 luna
944 3284 1085 3376 fallas,
1111 3311 1345 3370 tamencum
1368 3285 1466 3366 Solis

141 3397 333 3484 Distantia
355 3391 564 3480 innotescat
581 3426 628 3480 ex
657 3419 751 3480 nota
765 3392 924 3498 cujusvis
947 3395 1109 3478 Planetae
1129 3392 1293 3504 primarii
1313 3391 1468 3475 Distan-

144 3506 227 3604 tia,
256 3504 436 3588 Satellitis
453 3507 562 3614 Jovis
587 3506 712 3587 incola
734 3504 801 3587 fibi
819 3503 1035 3613 proximum
1049 3503 1299 3598 Primarium,
1328 3527 1468 3610 nempe
1510 3569 1518 3584 .

146 3617 312 3698 Martem
338 3613 418 3698 Soli
449 3615 613 3718 jundum
638 3620 677 3695 δι
699 3613 991 3726 retrogradum,
1022 3611 1069 3694 ad
1097 3611 1234 3696 diuam
1257 3608 1468 3719 inquilitio·

144 3747 233 3806 nem
259 3721 402 3834 eliget,
432 3719 523 3804 srcut
547 3750 617 3806 nos
645 3725 835 3806 Venerem
862 3718 1027 3804 similiter
1052 3719 1211 3828 pofitam
1241 3755 1250 3802 ε
1293 3719 1467 3828 Angulus

145 3853 300 3922 autem,
339 3855 455 3939 quem
479 3829 662 3914 diameter
690 3832 834 3913 Orbita
867 3831 1022 3912 Lunaris
1049 3827 1239 3914 subtendit
1266 3828 1314 3911 ad
1338 3831 1469 3910 Vene-

144 3965 227 4022 rem
255 3937 396 4022 Telluri
420 3939 629 4048 proximam
653 3995 667 4034 ‚
702 3937 780 4020 lere
796 3939 912 4045 triplo
935 3940 1058 4041 major
1083 3939 1135 4038 est
1151 3939 1317 4048 angulo,
1350 3961 1467 4040 quem

145 4045 331 4130 diameter
354 4046 498 4130 Orbita
533 4045 665 4132 extimi
686 4046 897 4132 satellitum
923 4047 1033 4155 Jovis
1067 4041 1256 4133 subtendit
1284 4043 1334 4132 ad
1361 4047 1469 4128 Mar-

145 4175 227 4237 tem
253 4152 346 4280 Jovi
365 4156 539 4266 proximi.

595 4342 1003 4514 aruis.
