4336 5692
215 579 260 662 o
299 577 696 658 tronurrrtt
732 515 1083 661 utentum.
1121 581 1206 661 tn.
1245 581 1287 663 u
1363 591 1447 679 nn,

41 753 47 811 t
132 713 193 820 ior
220 739 353 825 quam·
376 737 395 794 t
418 741 474 806 cr
505 743 626 831 atque
661 719 715 803 ita
749 745 899 831 porto,
936 717 991 802 ita
1029 741 1073 802 ut
1096 713 1226 802 saltem
1263 743 1333 822 pn
1361 743 1383 823 3
1413 734 1629 830 trauntur

45 838 55 925 l
132 827 354 914 minorfiat
387 857 503 941 quam
538 857 653 938 3n3
687 862 721 916 u.
752 837 1057 944 Perpunelat‚
1089 859 1155 915 ιε
1186 838 1324 935 &312
1357 830 1435 915 des·
1473 821 1523 893 ⁵¹⁸·
1562 831 1589 871 ²·

44 932 52 1040 ξ
132 939 302 1026 cribatur
324 942 514 1044 circulus,
539 951 607 1059 qui
632 953 773 1032 retiam
799 971 821 1012 τ
854 973 874 1030 u
900 941 1044 1030 secabit
1076 947 1177 1030 inter
1205 977 1227 1030 n
1263 953 1303 1030 δι
1338 972 1358 1050 3
1380 973 1399 1029 u
1421 1006 1435 1047 ,

130 1079 226 1166 puta
245 1055 349 1153 ino,
376 1055 557 1171 stpunlla
575 1091 681 1146 nova
707 1080 730 1150 2
750 1089 794 1157 c,
818 1086 838 1164 3
858 1091 878 1145 c
904 1055 1050 1170 sumpta
1069 1059 1209 1144 fuerint
1226 1057 1435 1146 secundum

129 1167 235 1280 prius
259 1169 413 1255 tradita.
471 1175 686 1273 Similiter,
714 1203 783 1288 per
805 1179 945 1286 punita
963 1201 1009 1272 r,
1026 1193 1049 1264 2
1066 1201 1085 1257 r
1103 1179 1141 1258 δι
1166 1197 1226 1277 31>
1249 1172 1436 1258 describa-

128 1305 192 1368 tur
221 1280 386 1368 circulus
417 1292 558 1372 reulum
583 1319 610 1372 τ
629 1319 656 1370 n
672 1292 752 1399 init
775 1283 1030 1400 interseeanst
1058 1311 1171 1374 erunt
1187 1293 1326 1401 puniit
1350 1294 1434 1374 o&

46 1435 53 1475 ·.
127 1423 155 1480 x
182 1397 289 1482 Loca
308 1399 488 1486 Cometae
512 1402 563 1510 ad
591 1405 818 1514 Eclipticam
850 1402 1006 1488 reduila
1032 1400 1110 1486 five
1140 1402 1319 1486 Cometae
1356 1399 1434 1487 vel

43 1506 51 1619 1
128 1510 221 1623 rigia
246 1513 288 1594 in
325 1508 612 1600 observatione
644 1517 764 1629 prima
791 1523 830 1598 &
853 1517 978 1603 tertia.
1038 1511 1347 1627 Namsuprafuit
1366 1517 1435 1602 de·

42 1706 48 1739 ¹
127 1628 384 1710 monstratum
413 1635 555 1742 punlia
577 1658 602 1714 n
624 1637 663 1714 δι
688 1658 711 1713 u
734 1628 809 1716 elle
838 1631 997 1742 vestigia
1028 1619 1209 1714 Com'etae
1239 1630 1279 1711 in
1314 1628 1434 1740 plano
1469 1695 1475 1706 .

42 1742 49 1852 l
125 1739 326 1850 Eclipticae
354 1741 395 1824 in
411 1739 696 1829 observatione
722 1733 844 1859 prima
869 1749 909 1827 &
929 1744 1071 1843 tertia,
1098 1742 1125 1827 st
1151 1741 1240 1828 cfit
1261 1738 1431 1848 ejusdem

39 1853 49 1922 l
126 1855 333 1968 vestigium
362 1855 404 1940 in
435 1855 721 1945 observatione
748 1855 912 1944 secunda
934 1891 943 1940 ε
970 1858 1154 1970 idemque
1176 1856 1343 1942 fimiliter
1366 1859 1436 1940 ob-

33 1928 47 2104 )
124 1967 1294 2077 tinetintmnuttcsitemin3r,3t&3c.
1353 1973 1434 2056 De·

122 2083 382 2166 monstratum
411 2116 493 2200 quo
525 2118 574 2176 ue
604 2092 716 2176 est‘c
753 2085 828 2176 elle
852 2116 988 2174 revera
1023 2087 1224 2202 vestigium
1253 2091 1440 2172 Cometae

42 2234 48 2294 :
120 2197 165 2284 in
187 2191 476 2286 Observatione
496 2121 700 2302 inundat,
728 2205 981 2318 fizaequalis
1014 2201 1058 2286 stt
1082 2221 1165 2292 aut
1189 2202 1267 2288 hoc
1294 2195 1437 2296 est‚fi

39 2310 48 2384 ἶ
120 2315 318 2398 redituum
348 2341 415 2402 At
442 2321 482 2402 &
511 2345 572 2403 ur
598 2320 782 2431 quaelibet
802 2320 846 2405 fit
871 2319 1027 2432 equalis
1057 2315 1126 2432 ipfi
1149 2352 1175 2408 n
1196 2343 1250 2408 ut
1283 2313 1437 2416 hocest

119 2426 319 2531 demum,
343 2425 371 2511 fi
395 2437 537 2545 pttnCla
564 2459 584 2517 u
610 2439 649 2538 ἃ
675 2435 962 2530 tcoincidant,
988 2433 1082 2517 item
1107 2458 1132 2515 n
1153 2435 1244 2514 &n
1290 2431 1339 2512 Et
1368 2429 1438 2538 igi-
1519 2431 1523 2438 “

119 2565 188 2628 tur
212 2539 266 2639 st,
294 2542 454 2658 reliquis
482 2551 753 2647 manentibus,
784 2553 1065 2660 punctatur
1089 2544 1338 2638 coincidunt,
1356 2541 1437 2628 tale

117 2654 245 2742 uerit
275 2655 476 2772 vestigium
501 2663 681 2748 Cometae
703 2665 744 2747 in
763 2658 1049 2746 observatione
1066 2659 1179 2745 tertia
1199 2691 1209 2743 t
1250 2653 1435 2748 Similiter

119 2767 443 2858 coincidentibus
470 2802 498 2858 t
518 2781 559 2860 δι
584 2808 606 2862 r
632 2836 645 2877 ,
673 2779 746 2860 erit
779 2777 856 2861 tale
888 2802 915 2857 n
959 2771 1128 2879 ejusdem
1166 2771 1366 2884 vestigium
1393 2768 1462 2854 in·

116 2879 416 2998 observatione
445 2891 579 3003 prima.
640 2892 706 2978 Ad
736 2917 854 3001 quam
886 2886 1189 2973 coincidentiam
1226 2883 1437 2972 concilian-

114 3000 217 3086 dam
248 3025 318 3110 per
349 3002 422 3086 tria
441 3009 582 3116 punita
616 3005 788 3118 legitime
816 3028 966 3114 reperta
997 3033 1042 3101 t,
1069 3020 1134 3094 212
1160 3005 1200 3084 δι
1223 3022 1280 3104 ῃ
1302 2997 1432 3083 tradu-

114 3117 208 3198 ltus
238 3111 295 3196 est
318 3115 513 3215 circulus,
547 3119 722 3219 horest,
748 3119 850 3208 linea
876 3115 1138 3228 simplicillima
1158 3142 1227 3228 per
1251 3113 1437 3224 tri'apun·

32 3286 36 3299 ,
116 3233 182 3314 &a
210 3226 433 3329 tranfiens,
475 3239 617 3318 reliam
645 3271 665 3310 τ
684 3263 706 3317 n
727 3235 767 3316 in
794 3257 823 3316 o
865 3225 1110 3315 intersecans.
1173 3233 1279 3316 Cum
1317 3226 1435 3338 igitur

114 3343 317 3462 punitum
339 3367 368 3426 o
403 3342 448 3429 fir
476 3369 556 3430 tam
586 3349 625 3430 in
665 3347 758 3430 loeo
798 3349 1117 3459 punuotumh
1156 3345 1298 3452 nempe
1332 3341 1435 3422 recia

22 3548 28 3562 ‚
112 3497 135 3540 v
152 3485 213 3558 u,
247 3483 368 3570 quam
390 3456 428 3541 in
462 3458 557 3543 loco
592 3463 821 3576 punulorum
845 3490 895 3556 t,
923 3485 1064 3570 nempe
1097 3453 1271 3546 circulor
1309 3478 1435 3566 quan·

114 3573 177 3659 do
207 3573 398 3684 puncium
426 3599 449 3654 u
473 3574 661 3688 reperitur
691 3577 730 3658 in
756 3603 783 3660 ο
798 3631 812 3672 ,
838 3577 1062 3688 punciumt
1091 3570 1131 3652 in
1158 3569 1229 3654 illo
1245 3567 1362 3653 etiarn
1378 3592 1436 3651 re·
1576 3645 1580 3654 .

113 3686 336 3800 petimur,
365 3683 443 3770 hoc
471 3689 553 3788 est,
580 3691 618 3772 in
646 3689 718 3774 illo
748 3683 833 3772 calu
856 3693 995 3800 puncla
1022 3713 1044 3768 u
1071 3688 1112 3766 δι
1137 3679 1436 3772 reoincidelltt

113 3805 160 3887 &
187 3799 292 3884 ideo
326 3803 509 3914 punitum
539 3830 567 3885 ο
598 3803 652 3888 est
677 3793 813 3887 verum
843 3801 1025 3886 Cometae
1055 3797 1255 3911 vestigium
1286 3797 1326 3878 in
1355 3793 1437 3906 pla·

43 4004 49 4025 ,
112 3943 175 4000 no
205 3915 408 4029 Eclipticae
437 3915 478 4000 in
499 3911 785 4002 Observatione
815 3916 930 4000 tertia
961 3971 976 4014 ,
1011 3913 1158 4027 quippe
1190 3910 1253 3994 cui
1290 3934 1435 3995 conve·
1538 3935 1542 3942 ·

112 4029 239 4115 niunt
267 4056 405 4115 omnes
439 4029 689 4116 eonditiones
724 4027 927 4140 requilitae.
985 4028 1238 4111 Similiter&
1259 4025 1316 4108 ob
1356 4013 1436 4105 eas-

114 4143 220 4230 dem
266 4144 474 4243 rationes,
518 4149 702 4258 punilum
729 4175 755 4229 x
784 4143 838 4228 est
862 4169 999 4228 verum
1022 4145 1201 4226 Cometae
1233 4137 1437 4253 vestigium

43 1376 53 1427 l

45 4353 50 4360 ,
113 4261 159 4345 ἰη
211 4247 504 4342 Observatione
547 4261 683 4374 prima.
741 4258 862 4371 Igitur
893 4256 921 4342 fi
958 4284 1006 4341 ex
1039 4259 1184 4370 puntlo
1209 4279 1238 4338 o
1268 4250 1318 4340 ad
1354 4250 1442 4364 pla·

113 4397 221 4458 num
266 4367 378 4473 hujus
406 4364 641 4472 schematis,
667 4372 862 4487 Eclipticae
888 4371 1047 4484 planum
1076 4367 1273 4468 referens,
1319 4365 1441 4478 eriga-

115 4510 187 4572 tur
215 4480 549 4598 perpendicularis
582 4491 685 4573 tetta
715 4513 744 4572 o
760 4527 809 4586 a,
834 4483 991 4600 aequalis
1024 4484 1198 4597 tangenti
1239 4507 1344 4570 notae
1372 4483 1441 4565 La·

113 4597 313 4702 titudinis
355 4595 397 4680 in
444 4594 729 4689 Observatione
773 4602 885 4690 tertia
914 4601 967 4690 ad
996 4596 1148 4685 radium
1185 4627 1284 4692 rot
1324 4593 1398 4684 erit
1419 4626 1442 4671 ο

52 4724 55 4734 ’
179 4707 353 4824 Gregori
377 4709 477 4823 essr.
506 4708 607 4801 Tm.
637 4715 665 4800 l
669 4715 697 4800 I
801 4801 839 4841 ·.
909 4739 915 4748 ·
1031 4709 1127 4802 llh
1361 4709 1446 4800 Co·
