4376 5694
737 649 809 726 540
964 624 1478 703 astronomia
1536 623 1884 726 navarra

731 790 891 880 propter
919 767 1154 876 ‘parvitatem
1187 791 1259 879 pro
1280 763 1494 849 rectilneo
1527 765 1653 878 potest
1676 767 1846 871 haberi)
1909 792 2040 880 prater

735 885 880 966 rectum
911 879 962 960 ad
990 905 1014 962 r.
1056 881 1184 989 (nam
1217 903 1276 962 st.
1308 905 1356 962 ex
1382 881 1669 966 construetione
1701 883 1890 966 normalis
1914 884 1970 966 est
2002 886 2038 968 in

734 995 916 1079 Orbitam
926 995 1141 1093 Lunarem,
1166 993 1346 1106 adeoque
1365 992 1554 1078 distantia
1594 996 1744 1082 roxima
1763 997 2038 1098 Luminarium,

734 1137 823 1205 cum
845 1135 986 1219 nempe
1013 1111 1126 1192 ¹Luna
1154 1109 1193 1190 in
1230 1135 1256 1190 L
1290 1101 1506 1217 versatur)
1589 1135 1701 1192 antur
1725 1107 1849 1194 modo
1879 1111 2036 1196 inventa

732 1225 838 1309 latus·
861 1243 923 1306 su
962 1222 1207 1335 &angulus
1230 1245 1259 1304 tv
1288 1253 1320 1310 r·
1344 1221 1450 1304 unde
1481 1249 1541 1307 se
1573 1222 1748 1307 distmtia
1781 1224 2036 1308 Luminarium

730 1340 886 1422 minima
916 1360 1100 1434 eruetur,
1126 1341 1167 1418 &
1196 1338 1315 1419 etiam
1343 1333 1442 1418 latus
1466 1360 1542 1418 un
1578 1333 1658 1418 usui
1685 1339 1815 1448 postea
1843 1336 2034 1420 futurum:

729 1449 1009 1562 Promptilstme
1037 1473 1167 1535 autem
1204 1450 1400 1532 invenitur
1434 1477 1544 1533 arcus
1581 1476 1646 1532 sn
1675 1478 1724 1533 ex
1751 1449 1909 1535 Tabulis
1934 1451 2034 1534 Lati·

729 1567 873 1651 tudinis
898 1565 1048 1660 Luna,
1089 1562 1281 1678 capiendo
1306 1561 1417 1644 illum
1451 1563 1640 1674 aequalem
1675 1564 1884 1648 Latitudini
1915 1563 2033 1648 lunae

730 1708 816 1765 cum
842 1677 1081 1762 Latitudinis'
1095 1702 1362 1790 argumentum
1396 1678 1553 1789 aequale·
1571 1679 1623 1760 est
1650 1681 1753 1762 arcui
1787 1692 1865 1768 sas
1896 1676 2031 1762 distan-

728 1794 789 1876 tiae
811 1793 912 1876 Solis
933 1788 1124 1894 aNodo,
1158 1793 1264 1898 cujus
1288 1791 1478 1878 rationem
1500 1791 1739 1903 ostendimus
1754 1796 1871 1902 Prop.
1885 1819 2033 1896 xxxta

728 1909 769 2000 in
784 1901 868 1991 casu
902 1901 1103 1992 consimili.
1221 1931 1223 1938 ’
1569 1933 1573 1945 ’

1122 2043 1660 2164 (ἶοιιοιιιιιυιι.τ

564 737 626 830 Τιᾷ.
637 735 726 799 ῩΧΧΙ.

585 829 636 894 ng.
649 835 676 886 γ.

541 2250 594 2327 ng.
627 2251 655 2303 ὅ·
685 2245 721 2308 ‘l
787 2248 890 2333 Hinc
932 2244 1102 2332 Termini
1139 2247 1373 2331 definientur
1411 2273 1483 2360 pro
1515 2247 1619 2330 Solis
1654 2243 1863 2358 Eclipsvbus
1905 2251 2024 2334 omnia

424 2427 430 2440 ,
538 2329 710 2462 isaim*
732 2363 860 2447 modis
888 2384 1118 2476 perronam
1150 2366 1308 2443 Terram
1342 2361 1673 2474 contingentibus.
1731 2360 1772 2442 Si
1812 2360 1914 2444 enim
1944 2393 1971 2446 τ
1997 2389 2024 2444 v

729 2479 860 2562 minor
894 2473 939 2559 fit
961 2471 1114 2559 summi
1149 2473 1530 2560 Semidiametrorum
1569 2469 1674 2558 Disci
1700 2479 1825 2557 Terrae
1862 2479 2022 2561 Penuma

727 2594 883 2704 braque
923 2593 1075 2682 Luna,
1123 2589 1293 2702 partialis
1332 2584 1465 2672 saltem
1506 2587 1578 2672 crit
1625 2587 1779 2697 Eclipfis
1814 2589 1857 2670 in
1895 2591 2022 2702 aliqua

718 2707 885 2790 Telluris
924 2728 1046 2813 parte.
1107 2701 1231 2815 Quod
1270 2701 1357 2785 ιιι
1374 2729 1401 2781 v
1442 2703 1570 2786 minor
1603 2701 1649 2784 fit
1680 2729 1797 2812 quam
1836 2728 1862 2782 τ
1887 2729 1914 2784 ιι
1958 2706 2021 2786 Se·

720 2817 961 2901 midiamerer
995 2812 1131 2914 Disci‚
1161 2813 1293 2897 totalis
1321 2818 1393 2898 erit
1420 2815 1562 2898 alicubi
1592 2815 1695 2899 Solis
1728 2811 2022 2906 Deseeiustsal·

720 2958 800 3016 tem
844 2930 1036 3026 centralis.
1078 2932 1156 3012 .ln
1200 2927 1392 3040 triangulo
1418 2928 1550 3040 'igitur
1579 2928 1782 3012 rectilineo
1822 2930 1861 3012 in
1898 2935 2020 3014 Terra

716 3039 838 3128 Disco
872 3037 1063 3156 descripto
1096 3053 1147 3145 Ωιι,
1169 3071 1198 3124 v
1218 3071 1245 3126 v·
1276 3044 1375 3125 datis
1411 3069 1545 3152 prater
1570 3047 1713 3125 recium
1744 3041 1795 3126 ad
1826 3069 1855 3124 v
1876 3045 2020 3153 angulo

718 3184 747 3242 v
776 3169 827 3262 Ji,
864 3186 891 3244 Τ
938 3162 978 3238 &
1019 3159 1150 3240 latere.
1183 3183 1285 3254 vv,
1323 3156 1432 3239 dieta
1458 3155 1838 3240 Semidiametrorum
1869 3149 2018 3238 summa

715 3274 872 3387 aquali,
902 3271 1120 3356 invenietur
1144 3270 1244 3353 latus
1281 3281 1330 3373 ξι
1350 3273 1617 3368 ιι,’“1)ἰιιιιιιίι
1641 3296 1782 3381 nempe
1805 3271 1928 3352 centri
1947 3273 2020 3354 Pe·

715 3385 887 3472 numbrae
922 3381 1081 3470 Lunaris
1122 3380 1288 3467 aNodo
1315 3383 1495 3496 provino
1518 3380 1674 3497 ipsrusve
1691 3383 1860 3467 Lunata
1891 3382 2017 3466 Nodo

714 3499 926 3613 opposrto,
966 3495 1045 3610 qui
1080 3497 1285 3582 obtinente
1322 3505 1518 3612 Tempore
1546 3498 1759 3614 §lovilunii
1790 3496 1874 3580 veri
1905 3497 2018 3580 Lunae

715 3613 932 3697 Penumbra
961 3618 1120 3696 Terram
1154 3611 1424 3723 pertransibit,
1462 3613 1569 3696 illam
1607 3613 1764 3695 minime
1798 3611 2015 3721 attingens:

713 3727 753 3812 Si
789 3753 885 3810 vero
921 3727 1026 3810 diuo
1060 3725 1267 3808 Novilunii
1295 3755 1497 3811 momento
1529 3729 1643 3810 Luna
1685 3722 1903 3808 distantiai
1930 3725 2017 3807 No·

711 3842 767 3926 do
803 3843 984 3956 proximo
1017 3842 1144 3923 minor
1174 3838 1218 3922 srt
1251 3867 1368 3952 quam
1399 3833 1508 3954 supra
1544 3843 1725 3924 inventus
1753 3865 1862 3921 arcus
1892 3845 1944 3939 ,Q
1963 3864 2013 3934 v,

711 3959 828 4041 Luna
855 3955 1070 4039 Penumbra
1099 3957 1225 4035 Terrae
1250 3959 1413 4036 tracium
1442 3958 1612 4066 aliquem
1644 3951 1848 4050 involvet,
1886 3955 1926 4032 &
1945 3950 2012 4034 Sol

710 4067 875 4175 Eclipsm
916 4070 996 4181 pati
1039 4065 1248 4173 aliqualem
1298 4067 1495 4152 videbitur
1531 4067 1633 4152 istius
1679 4063 1818 4149 traam
1857 4065 2009 4148 incolis.

709 4180 892 4266 Similiter
924 4181 1159 4265 definientur
1184 4183 1367 4264 Termini
1402 4211 1473 4294 pro
1520 4181 1682 4265 centrali
1728 4179 1830 4263 Solis
1873 4176 2010 4290 Eclipsr

709 4293 852 4378 alicubi
883 4297 922 4376 in
961 4299 1081 4377 Terra
1115 4294 1392 4406 contingente,
1434 4297 1527 4380 loco
1563 4289 1715 4377 summa
1761 4289 2008 4376 semidiame-

710 4431 859 4492 ttorum
893 4401 998 4492 Discl
1035 4411 1075 4488 &
1107 4408 1327 4493 Penumbrae
1367 4405 1485 4520 ipsam
1520 4405 1626 4493 Disci
1673 4403 2007 4494 Semidiamctrum
2083 4445 2085 4448 ·

705 4515 926 4618 sumendo,
968 4546 1013 4604 ut
1044 4515 1156 4632 supra
1185 4525 1239 4606 est
1271 4518 1472 4609 ostensum.
1533 4522 1599 4604 Ob
1635 4521 1868 4634 parvitatem
1912 4545 2009 4602 vero

701 4634 834 4746 anguli
864 4631 931 4732 ad.
951 4643 1003 4742 il,
1034 4635 1284 4750 laterumque
1317 4635 1496 4749 trianguli
1532 4661 1564 4726 v
1594 4661 1624 4724 u
1654 4663 1682 4748 a
1695 4689 1711 4734 ,
1759 4661 1787 4718 v
1813 4657 1843 4716 u
1872 4655 2010 4830 'panim

1872 4772 1897 4832 a
1964 4772 2009 4832 ο-
