4376 5694
300 583 1141 714 eeronnrrrcn‘irrrmnrura
1176 559 1278 694 ιη’.
1314 619 1388 697 ιν.
1460 644 1524 718 551

224 773 339 834 arcus
364 749 479 860 igitur
496 773 513 830 s
533 773 589 844 r,
629 746 808 862 trianguli
836 771 938 832 rsn
964 750 1093 850 latus,
1116 752 1173 834 est
1198 753 1266 836 ille
1295 755 1402 857 cujus
1438 753 1600 850 smusm,
1614 799 1726 858 mu,

226 862 282 945 est
316 861 367 945 ad
396 859 513 944 srnurn
542 883 674 944 totum
701 887 745 945 ut
774 864 876 945 reita
897 861 989 948 dara
1018 890 1080 948 sn
1109 865 1161 948 ad
1198 865 1329 948 datam
1349 893 1442 956 scs
1490 895 1536 952 oc
1602 875 1655 952 lu·
1678 894 1706 949 s·

223 973 390 1088 proinde
413 1001 524 1058 arcus
543 1001 603 1058 sn
628 975 807 1087 cognitus
824 977 892 1058 est.
944 972 1216 1089 cognoscetur
1229 981 1344 1092 igitur
1358 981 1397 1061 in
1421 981 1536 1066 trian-

213 1087 316 1199 ¹gulo
343 1111 441 1186 esu
467 1089 569 1174 latus
595 1116 660 1171 rt
685 1089 1013 1200 complementum
1030 1091 1190 1202 quaefitae
1212 1093 1439 1176 latitudinis
1456 1096 1529 1179 Lo

221 1201 258 1316 ci
286 1227 362 1298 A,
384 1201 477 1286 item
505 1202 670 1313 angulus
695 1226 809 1284 sin.
860 1205 939 1286 Sed
973 1229 1133 1318 propter
1164 1205 1297 1293 datum
1324 1211 1526 1318 Tempus,

193 1313 260 1396 ¹in
285 1313 544 1400 determinato
574 1316 685 1398 Loco
712 1341 741 1396 rr
765 1341 1033 1412 numeratum,
1067 1317 1182 1401 datur
1206 1317 1370 1426 angulus
1402 1335 1460 1401 s'e
1478 1345 1525 1410 irs

217 1424 454 1540 dabiturque
471 1427 636 1541 proinde
658 1451 721 1512 He
737 1455 765 1510 n
789 1429 967 1541 angulus,
977 1426 1193 1516 differentia
1218 1429 1526 1518 Meridianorum
1613 1469 1617 1478 ·

218 1539 316 1626 Loci
342 1540 585 1626 determinati
612 1567 641 1624 u
668 1541 889 1654 quaelrtique
916 1573 955 1627 n.

277 1658 363 1740 Pari
389 1655 513 1738 modo
545 1654 766 1738 invenietur
794 1661 920 1740 Terrae
945 1660 1105 1754 Locus,
1136 1655 1205 1740 ubi
1233 1658 1336 1742 Solis
1366 1659 1523 1773 Eclipsrs

219 1767 401 1854 centralis
436 1767 573 1854 incidit
611 1767 652 1850 in
683 1763 766 1882 ipso
805 1770 1001 1882 Ecliptieae
1035 1769 1158 1882 gradu
1189 1769 1440 1884 nonogesrmo
1471 1773 1522 1858 ab

213 1886 382 1970 oriente.
440 1881 801 1968 Demonstravimus
828 1885 869 1966 in
894 1889 1010 1995 Ptop.
1043 1909 1106 1966 η
1121 1897 1184 1964 rv'.
1210 1883 1289 1968 lroc
1322 1886 1522 1997 continge·

196 2023 261 2084 te
285 1995 342 2080 illi
374 1995 445 2110 qui
478 2021 548 2110 per
579 2001 707 2081 Terrae
740 1999 1032 2082 revolutionem
1072 1995 1248 2082 diurnam
1276 1997 1316 2080 in
1351 2025 1380 2080 nr
1413 2000 1521 2084 inve·

214 2111 351 2208 nitur,
391 2137 498 2202 cunr¹
526 2109 753 2194 Penumbrae
785 2112 946 2196 Lunaris
984 2133 1159 2196 centrum
1201 2109 1299 2196 illud
1334 2117 1517 2244 pundturn

212 2247 415 2336 occupat:
459 2227 500 2306 δι
535 2226 649 2336 Prop.
679 2247 798 2308 xxxi.
827 2218 1019 2310 ostensum
1047 2223 1105 2308 eli
1135 2230 1306 2336 Tempus
1333 2252 1373 2308 rn
1408 2231 1517 2310 Loco

214 2361 246 2418 rr
281 2361 523 2420 numeratum
545 2335 707 2448 quando
735 2337 813 2424 hoc
841 2338 984 2422 accidit
997 2395 1012 2436 ,
1051 2337 1070 2446 (
1094 2337 1200 2426 idem
1222 2341 1329 2424 enim
1355 2341 1411 2426 est
1428 2367 1517 2422 cum

213 2453 410 2562 Tempore
459 2450 898 2585 ConjunciionisJerae
946 2453 1241 2563 Luminatiumr
1268 2451 1285 2560 )
1311 2452 1367 2538 est
1401 2451 1516 2566 igitur

220 2556 328 2664 casus
349 2588 502 2650 tantum
525 2564 763 2675 particularis
776 2565 1033 2650 Problematis
1064 2565 1328 2679 precedentis.

653 2733 1072 2820 Senorrun

174 2955 213 2982 ,ι
271 2907 407 3024 Atque
435 2903 525 2988 hinc
552 2901 761 2987 delinietur
781 2901 947 2988 Telluris
974 2906 1155 3002 Tractus,
1194 2929 1314 3016 quem
1349 2906 1513 2990 Perrum-

198 3022 292 3104 ‘ltrae
317 3020 473 3102 Lunaris
502 3040 680 3101 centrum
704 3018 744 3098 in
766 3015 849 3100 dati
877 3015 1019 3100 Mensis
1050 3013 1187 3126 Eclipsr
1210 3016 1337 3109 Solari
1360 3019 1511 3108 transite

213 3123 292 3217 hoc
328 3134 410 3230 cll,
444 3133 549 3214 loca
576 3131 710 3213 omnio
747 3153 830 3242 qup
871 3125 1073 3238 succedite
1107 3128 1269 3240 Eclipsrn
1297 3131 1398 3214 Solis
1421 3159 1513 3236 cen-

211 3247 351 3333 tralem
376 3243 582 3358 patiuntur.
641 3241 683 3326 Si
712 3249 729 3342 (
760 3271 829 3354 per
852 3249 926 3326 Pro
957 3301 967 3324 .
1002 3249 1174 3338 xrv1.)
1205 3267 1394 3354 queratur
1419 3251 1513 3328 Ter-

212 3389 261 3444 τε
286 3362 413 3444 Locus
433 3359 495 3442 cui
520 3357 590 3440 Sol
622 3357 843 3440 centraliter
866 3275 1050 3442 deliniens
1083 3359 1232 3451 oritur,
1257 3381 1376 3465 atque
1403 3357 1511 3440 dein·

210 3474 266 3558 cle
296 3474 392 3557 alius
419 3474 480 3556 cui
509 3470 595 3581 post
618 3468 821 3552 dimidium
851 3475 967 3554 Horae
990 3475 1189 3554 Horamve
1221 3469 1409 3579 integram
1423 3497 1512 3552 cen-

190 3587 362 3673 ·traliter
401 3583 561 3680 delicit,
593 3587 633 3664 δι
672 3579 722 3666 stc
755 3582 888 3668 denuo
920 3581 1116 3693 usquead
1156 3584 1304 3664 Locum
1338 3581 1404 3664 ubi
1446 3611 1513 3666 oc·

212 3699 347 3785 cidens
378 3699 544 3783 similiter
554 3694 713 3784 deficite
743 3697 849 3780 Loca
873 3697 940 3779 illa
972 3698 1011 3778 in
1044 3691 1237 3804 superficie
1272 3694 1395 3776 Globi
1420 3702 1513 3777 Ter-

210 3814 335 3899 restris
374 3813 486 3898 lineis
527 3811 733 3913 conjuncta
770 3813 947 3894 Troilum
987 3807 1184 3916 qurfiturn
1234 3807 1512 3892 monstrabunt.

213 3925 387 4032 Quodsi
414 3927 595 4037 utrinque
622 3921 673 4004 ad
696 3923 817 4006 latera
839 3923 965 4004 Lineae
993 3921 1103 4022 hujus
1129 3925 1238 4002 Zona
1259 3917 1363 4031 qoafi
1396 3920 1542 4032 igno.

210 4067 297 4139 tur,
322 4042 426 4144 cujus
444 4036 610 4122 latitudo
630 4035 852 4119 Penunrbrae
878 4033 1037 4118 Lunttis
1066 4035 1308 4116 Dirrnetrunr
1324 4033 1514 4144 aduquott

215 4153 422 4264 figntbitut
453 4151 581 4236 omnis
605 4153 730 4231 Terre
749 4153 906 4232 Tradus
938 4143 1154 4229 Penumbri
1179 4147 1403 4242 involutus,
1430 4149 1515 4259 qui.

209 4293 291 4382 que
315 4257 520 4379 aliqualem
548 4263 649 4348 Solis
675 4261 838 4374 Eclipsrn
863 4258 987 4344 sentit.
1028 4263 1072 4342 ln
1107 4263 1244 4344 delu
1279 4261 1355 4342 hoc
1396 4260 1515 4372 figna·

94 4463 99 4472 ,
211 4381 357 4464 buntur
384 4387 487 4464 loca
515 4379 582 4464 ubi
611 4375 807 4488 precipue
829 4371 966 4460 Phales
990 4373 1204 4470 obtinent,
1231 4399 1274 4456 ut
1292 4375 1358 4458 ubi
1384 4375 1425 4458 in
1443 4400 1515 4458 no-

212 4492 409 4609 nagefirno
427 4495 549 4606 gradu
573 4490 642 4577 Sol
662 4487 826 4591 delicit,
850 4489 917 4576 ubi
936 4491 977 4572 in
996 4485 1218 4572 Meridiano
1244 4486 1319 4571 dcc.

1043 4719 1087 4822 Q
1145 4736 1169 4805 2
1364 4715 1515 4798 nno.
