4336 5692
745 662 817 740 662
922 643 1514 735 ‘ASTRONOMIAE
1561 645 1900 732 rursm

564 815 890 906 mxxxmnpore5
927 790 1157 902 urgentibus
1194 787 1271 871 illis
1310 785 1503 886 viribus,
1550 780 1731 872 deorsum
1763 781 1895 870 versus
1933 781 2059 869 Solem

522 937 540 964 ·
597 920 648 998 tu·
673 933 720 1008 10,
756 898 931 1022 percursa
955 903 1098 1008 suntin
1122 902 1259 987 eadem
1278 901 1432 984 ratione
1452 927 1541 986 curn
1561 901 1740 994 viribus3
1769 901 1943 1012 &igitur
1964 903 2057 982 reda

755 1033 814 1119 pt
838 1019 891 1102 est
910 1015 1084 1129 spatium
1091 1045 1165 1129 per
1183 1013 1296 1130 quod
1314 1017 1498 1101 ¹Cometa
1528 1013 1550 1097 ὲ
1582 1016 1716 1126 quiete
1745 1045 1800 1101 ex
1829 1033 1852 1091 r
1884 1007 2058 1099 demissus

759 1130 890 1216 versus
926 1135 1059 1217 Solem
1087 1131 1286 1216 decideret
1304 1145 1333 1228 ,’
1350 1123 1494 1214 semisse
1529 1131 1717 1240 temporis
1742 1157 1825 1244 quo
1853 1135 1977 1214 Terra
2001 1127 2060 1212 dt-

759 1241 889 1331 scribit
910 1274 1042 1330 arcum
1070 1273 1097 1328 τ
1116 1299 1168 1344 e,
1192 1243 1220 1330 st
1252 1240 1391 1328 eidem
1422 1243 1569 1356 ubique
1598 1246 1790 1355 gravitate
1824 1243 2059 1328 acceleratri·

761 1385 808 1444 ce
831 1359 1074 1446 uniformiter
1105 1351 1331 1468 continuari
1376 1381 1577 1470 urgeretur
1610 1355 1687 1472 qui
1725 1383 1881 1472 urgetur
1897 1360 1937 1440 in
1972 1359 2062 1441 loco

762 1505 819 1568 rt
866 1476 1038 1587 ideoque
1061 1488 1117 1569 rr*
1144 1475 1216 1557 erit
1245 1474 1423 1581 proxime
1446 1469 1609 1586 spatium
1642 1474 1754 1584 quod
1778 1479 1948 1560 Cometa
1980 1465 2062 1554 casu

762 1583 891 1672 versut
913 1592 1046 1674 Solem
1063 1615 1197 1673 revera
1214 1583 1446 1671 describeret
1463 1645 1477 1687 ,
1506 1583 1647 1672 semisse
1673 1589 1859 1700 temporis
1872 1613 1954 1699 quo
1972 1589 2062 1668 Ter.

761 1726 804 1784 ra
828 1699 1007 1788 describit
1026 1702 1171 1786 Orbirae
1189 1697 1260 1784 mae
1275 1727 1406 1786 arcum
1423 1727 1449 1783 τ
1473 1739 1493 1777 τ
1507 1761 1519 1800 ,
1534 1703 1612 1786 hoc
1629 1701 1703 1798 est,
1718 1699 1860 1787 semisse
1877 1701 2062 1810 temporis

670 1903 678 1929 ,
763 1845 847 1928 quo
875 1821 1048 1904 Cometa
1075 1812 1255 1900 describit
1278 1817 1521 1922 Trajecioriae
1546 1813 1617 1900 suae
1649 1844 1780 1900 arcum
1805 1819 2062 1924 interceptum

762 1931 863 2017 inter
893 1933 988 2016 duas
1013 1930 1296 2042 Longitudines
1328 1957 1355 2012 r
1375 1957 1403 2014 A
1437 1936 1478 2013 &
1502 1956 1605 2022 τΒς
1650 1936 1691 2014 dc
1735 1932 1850 2044 igitur
1881 1933 2061 2039 punctum

764 2047 866 2131 s'est
894 2047 933 2128 in
960 2043 1070 2132 arcus
1092 2047 1194 2128 istius
1223 2043 1382 2130 chorda'.
1444 2045 1614 2131 Et‘ideo
1653 2045 1787 2128 sitam
1830 2043 1942 2130 atesis
1973 2049 2062 2126 Tra·

762 2160 929 2270 jedoriat
975 2160 1144 2274 pradid'ri
1189 2179 1281 2256 aya
1315 2219 1329 2258 ,
1369 2163 1472 2245 Inter
1507 2159 1618 2244 binas
1647 2185 1837 2245 extremas
1882 2153 2060 2243 observa·

765 2300 824 2361 tas
868 2275 1146 2386 Longitudines
1192 2299 1263 2355 τΑ
1305 2277 1345 2356 δι
1396 2305 1459 2358 vu
1485 2275 1728 2386 intercepti,
1777 2301 1897 2385 quam
1933 2269 2060 2384 pundri

692 2479 722 2494 ..
765 2390 1078 2502 &concipiantur
1112 2385 1271 2498 vestigia
1305 2388 1345 2468 in
1371 2390 1491 2498 plano
1509 2387 1731 2473 demissione
1755 2387 1989 2498 normalium
2013 2382 2059 2466 ad

762 2504 958 2616 Eclipticae
993 2504 1151 2616 planum
1185 2501 1358 2613 fignara,
1390 2531 1533 2615 nempe
1565 2530 1674 2586 ncu
1709 2507 1747 2585 dc
1777 2531 1833 2592 ur
1873 2501 1947 2585 erit
1970 2527 2063 2614 pun·

737 2643 739 2646 ’
764 2621 868 2702 dium
887 2643 915 2700 u
939 2618 980 2702 in
998 2617 1146 2702 chorda
1169 2613 1278 2700 arctis
1304 2641 1416 2700 neu.
1462 2616 1540 2702 Sed
1564 2619 1710 2704 chorda
1732 2617 1841 2702 arcds
1863 2614 2059 2699 tentalis

764 2731 819 2815 est
847 2734 951 2840 (per
970 2733 1112 2818 Coros.
1133 2749 1172 2842 29
1205 2733 1320 2840 Prop.
1341 2732 1523 2839 xv111.)
1539 2759 1582 2817 ut
1612 2733 1691 2818 haec
1710 2730 1760 2814 ab
1778 2759 1794 2814 s
1813 2729 2060 2829 edividarut

755 2841 848 2933 *fere
878 2847 1098 2929 iuratione
1137 2839 1357 2954 temporum
1390 2845 1530 2960 quibus
1565 2851 1735 2932 Cometa
1760 2846 1811 2930 ad
1834 2843 2060 2954 Eclipricam

765 2959 945 3043 redudus
976 2953 1156 3042 describit
1186 2985 1295 3042 arcus
1323 2986 1418 3058 ne,
1446 2986 1539 3051 ως
1583 2966 1623 3043 &
1646 2987 1715 3074 per
1742 2959 2060 3058 construdionem

766 3071 807 3155 in
826 3073 899 3156 hac
925 3073 1064 3157 eadem
1101 3073 1253 3160 ratione
1281 3073 1467 3158 dividitur
1486 3075 1600 3158 dubia
1624 3101 1740 3157 nou
1769 3077 1896 3170 reda,
1932 3073 2066 3184 estque

762 3183 991 3272 naecunica
1014 3213 1101 3301 quae
1120 3187 1160 3268 in
1186 3181 1288 3270 hisce
1315 3189 1608 3274 conditionibus
1628 3187 1721 3274 duci
1747 3190 1906 3303 poterit.
1960 3189 2064 3270 Cum

765 3299 883 3410 igitur
907 3325 1092 3414 oporteat
1113 3299 1302 3394 chordam
1326 3300 1464 3398 arcia,
1494 3304 1636 3415 quiesi
1649 3305 1849 3416 uestigium
1872 3300 2065 3414 portionis

765 3417 1008 3516 rrajeuoriae
1032 3417 1247 3500 Cometicae
1268 3417 1368 3499 inter
1386 3441 1575 3500 extremas
1591 3418 1873 3528 Longitudines'
1897 3445 1926 3500 τ
1945 3442 1984 3514 Α,
2004 3439 2065 3497 ru

768 3525 1013 3638 interceptae,
1040 3527 1062 3612 d
1087 3531 1196 3613 redis
1222 3556 1249 3610 r
1273 3553 1320 3626 n,
1346 3564 1366 3603 τ
1388 3555 1409 3610 u
1441 3530 1654 3627 terminari,
1680 3538 1719 3614 ἃ
1743 3559 1810 3644 pet
1840 3557 1867 3616 u
1896 3528 2065 3624 manbre,

767 3645 809 3723 dc
831 3643 921 3724 inu
955 3642 1080 3748 dividi
1117 3645 1157 3726 in
1197 3644 1349 3728 ratione
1380 3657 1599 3758 temporum
1635 3645 1816 3730 binorum
1859 3647 1963 3728 inter
1989 3665 2067 3728 tres

769 3752 1076 3842 Observationes
1108 3788 1122 3845 5
1165 3781 1333 3867 cumque
1355 3762 1456 3841 reda
1483 3771 1595 3842 nu'u
1626 3758 1768 3843 babeat
1788 3787 1927 3844 omnes
1960 3755 2068 3843 hasce

771 3895 849 3955 tres
888 3869 1174 3966 conditiones,
1216 3867 1381 3982 solaque
1399 3871 1444 3956 fir
1470 3876 1509 3952 δι
1541 3873 1663 3958 unica⁴
1685 3901 1768 3984 quac
1796 3874 1870 3958 illis
1904 3871 2068 3960 sruirurt

772 3985 922 4068 constat
940 3989 1081 4068 tedam
1111 4007 1222 4066 nun
1260 3983 1277 4091 (
1307 3984 1459 4068 dudam
1482 4008 1526 4070 ut
1557 3983 1757 4100 superius)
1786 3987 1860 4072 esse
1883 3987 2070 4076 chordam

769 4097 862 4180 dieti
889 4097 1039 4196 arctis,
1093 4097 1273 4210 adeoque
1305 4103 1444 4207 pundia
1479 4105 1601 4184 A&B
1636 4098 1711 4188 esse
1748 4101 1928 4215 proxime
1960 4103 2071 4186 vesti·

767 4212 834 4322 gia
865 4213 1045 4296 Cometa
1085 4209 1124 4291 in
1156 4213 1275 4322 plano
1310 4213 1505 4326 Ecsiptitae
1546 4215 1585 4298 in
1620 4211 1969 4322 Observationibus
2000 4215 2072 4329 pri

772 4351 835 4406 ma
873 4329 912 4405 dt
947 4325 1060 4407 tertia
1087 4378 1102 4420 ‚
1143 4323 1291 4411 ficsrt
1322 4357 1458 4416 uerum
1484 4335 1564 4440 ejus
1584 4331 1783 4442 vestigium
1814 4332 1859 4417 iu
1880 4329 2073 4416 Obserua-

766 4438 882 4522 tione
905 4432 1084 4523 secunda.

647 4576 702 4654 urg.
719 4605 747 4646 2.
827 4551 1027 4658 Qroniam
1065 4579 1162 4640 veto
1194 4548 1421 4673 assumptum
1440 4557 1500 4642 est·
1519 4561 1700 4664 pundum
1724 4583 1749 4641 c
1773 4587 1872 4645 vero
1889 4557 2074 4646 nonsatis

615 4745 618 4752 ,
720 4681 722 4690 “
768 4667 1059 4782 propinquum,
1085 4673 1125 4755 dt
1154 4667 1247 4758 sicet
1273 4700 1409 4760 verum
1437 4671 1601 4774 fuissit,
1648 4698 1778 4762 tamen
1800 4681 1942 4789 pundo
1973 4705 2005 4759 a
2030 4682 2069 4760 dc

1499 4839 1501 4844 Α
2045 4815 2069 4874 3
