4336 5692
258 585 302 662 U*
338 578 735 666 GEOMETRIGAE
771 583 1111 664 ELAEMENTA.
1143 589 1250 665 ιιι.
1293 589 1334 666 V.
1385 602 1455 684 633

168 706 231 811 sa,
271 714 348 798 hoc
385 715 462 826 est,
501 737 576 798 uc
612 738 696 798 non
730 715 769 798 in
801 714 995 800 ciireitum·
1021 741 1110 802 cum
1152 742 1248 816 su,
1283 714 1349 803 sed
1387 735 1668 810 ver-rtnxxxr.

167 855 263 938 gens
289 822 419 912 versut
447 852 577 941 partes
607 854 636 910 n
659 855 756 940 quas
781 829 953 914 Cometa
994 830 1186 943 reliquit,
1222 829 1404 946 cujusque
1420 833 1477 916 im·
1513 821 1572 900 ⁵³3·
1599 834 1629 895 ὅ·

169 942 331 1025 clinatio
364 939 640 1028 observatione
674 938 908 1034 innotescit3
936 941 1100 1032 ducatur
1132 972 1192 1029 su
1230 946 1280 1029 ad
1315 971 1406 1032 rto
1424 973 1487 1058 pa·

171 1055 307 1138 tallela
340 1057 614 1159 Trajeaoriam
653 1052 884 1142 intersecans
919 1058 970 1140 ad
1000 1061 1184 1169 punitum
1217 1085 1246 1142 1)
1286 1061 1372 1172 post
1402 1063 1487 1146 Co-

150 1169 326 1250 'metam
391 1173 558 1282 Vapor,
600 1170 670 1281 qui
703 1197 806 1255 nunc
842 1171 988 1254 Caudae
1029 1195 1244 1256 extremum
1282 1201 1308 1257 c
1351 1175 1486 1258 consti·

166 1281 272 1378 tuit,
303 1279 327 1364 a
359 1285 520 1368 Nucleo
546 1276 752 1369 ascendere
777 1287 898 1397 coepit
920 1311 1009 1368 cum
1045 1288 1218 1371 Cometa
1241 1291 1426 1398 punitum
1453 1311 1486 1370 o·

165 1394 355 1486 tenebatt
388 1398 577 1510 quoniam
607 1423 733 1509 vapor
768 1425 857 1482 cum
893 1422 1004 1482 motu
1031 1393 1234 1498 ascensis,
1267 1402 1347 1485 five
1381 1398 1483 1486 reat

164 1506 189 1591 i.
229 1509 355 1606 Sole,
407 1511 613 1622 componit
660 1534 814 1595 motum
865 1513 1047 1597 Cometa
1090 1511 1369 1625 progresstvum
1412 1512 1484 1626 ipst

162 1645 258 1704 ante
287 1615 568 1735 separationem
601 1621 634 1712 i.
659 1625 804 1737 Capite
837 1619 1084 1739 impreiium..
1124 1631 1198 1710 Per
1225 1629 1342 1739 Prop.
1370 1651 1483 1738 prae.

163 1761 264 1818 vero
284 1735 502 1822 ¹definietur
541 1737 560 1844 (
589 1731 676 1822 satis
719 1737 852 1822 exacte
889 1738 941 1823 ad
960 1739 1080 1844 ¹hanc
1118 1769 1195 1853 prae
1220 1740 1398 1824 manibus
1424 1744 1483 1824 in·

161 1845 415 1960 quifitionem
439 1851 565 1936 minus
585 1876 805 1938 accuratam
822 1853 841 1960 )
858 1856 1030 1964 Tempus
1056 1877 1139 1964 quo
1165 1856 1338 1938 Cometa
1362 1881 1483 1966 punc·

161 1985 249 2046 tum
286 1988 314 2046 o
343 1969 496 2064 tenuit,
531 1965 636 2079 prius
672 1969 870 2077 Tempore
911 1961 1208 2050 Observationis
1245 1966 1479 2100 proposito,

159 2100 318 2188 quanto
356 2107 456 2194 opus
484 2079 539 2164 est
571 2103 616 2168 ut
642 2079 815 2166 Cometa
851 2083 994 2188 rectam
1026 2107 1057 2164 n
1074 2107 1104 2161 n
1134 2079 1378 2194 longitudtne
1414 2081 1482 2164 da·

159 2213 248 2272 tam
282 2217 491 2304 percurrat.
549 2193 761 2277 Inventum
796 2194 1001 2305 igiturest
1038 2197 1210 2307 Tempus
1242 2221 1326 2308 quo
1355 2221 1484 2306 vapor

159 2301 186 2388 ai
225 2306 373 2417 Capite
412 2308 463 2394 ad
494 2306 657 2394 Caudae.
686 2332 902 2396 extremum
936 2303 1120 2392 ascendit.
1290 2367 1291 2372 a

223 2420 412 2506 Similiter
441 2421 648 2507 definietur
676 2427 850 2534 Tempus
886 2447 970 2531 quo
994 2447 1121 2534 vapor
1143 2419 1194 2507 ad
1222 2423 1357 2510 datum
1376 2421 1483 2510 Cau-

158 2532 225 2617 dae
262 2539 446 2647 punoium
476 2531 660 2634 ascendit.

337 2726 806 2812 PROPOSITIO
886 2727 972 2812 XI.
1034 2725 1309 2823 LEMMA.

78 2896 82 2902 ¹
119 2969 123 2980 ‚
158 2911 287 2999 Datis
320 2915 491 3027 posttione
529 2941 689 3030 quatuor
727 2893 833 3001 tetta
871 2923 913 2996 in
946 2913 1067 2998 erdem
1098 2918 1212 3026 plano
1242 2916 1480 3024 jacentibus,

220 3035 398 3142 quintam
423 3033 583 3119 ducere,
620 3061 694 3144 qua
717 3029 742 3111 ti
766 3055 923 3142 quatuor
955 3034 1031 3136 istis
1053 3029 1196 3138 ficetur
1232 3037 1275 3110 in
1302 3055 1375 3112 tres
1386 3055 1472 3141 par·
1509 3092 1565 3172 ng.
1585 3106 1616 3163 4·

218 3172 280 3228 tes
312 3143 441 3226 datam
473 3152 653 3230 rationem
678 3145 875 3256 datumque
905 3145 1068 3226 trdmem
1094 3150 1192 3225 inter
1208 3145 1251 3252 se
1259 3143 1470 3256 servantes.

154 3336 305 3510 SInt
333 3361 503 3448 quatuor
540 3337 648 3420 recrae
675 3333 869 3448 positione
906 3337 1006 3420 datae
1042 3363 1104 3421 aa
1119 3395 1133 3434 ‚
1173 3357 1289 3431 nes
1326 3357 1397 3416 uc
1436 3339 1476 3414 &

253 3473 326 3531 no
362 3451 401 3532 in
428 3449 619 3532 infinitum
644 3450 881 3645 producite,
916 3455 955 3534 δι
991 3477 1067 3534 tres
1105 3448 1343 3561 quantitates
1365 3449 1477 3530 data

155 3589 219 3660 n,
259 3589 280 3646 s
325 3569 364 3644 δι
400 3591 457 3646 v:
500 3565 694 3647 Ducena
729 3565 782 3644 est
824 3564 926 3646 reaia
966 3558 1093 3647 secans
1137 3587 1307 3675 quatuor
1349 3562 1479 3675 primo

153 3677 349 3760 datasin
394 3703 534 3775 nr,o‚
569 3699 598 3782 n]
636 3681 754 3773 δικ,
794 3677 922 3760 itaut
960 3701 1047 3758 nro
1084 3676 1127 3760 fit
1165 3675 1216 3760 ad
1254 3700 1339 3758 ou
1380 3698 1475 3758 utu

151 3793 210 3876 ad
248 3815 295 3886 8,
332 3793 373 3870 tit
409 3789 572 3875 oNad
613 3811 695 3872 Nn
737 3791 970 3872 utsadv.

219 3903 418 4013 Capiatur
445 3929 515 3986 co
545 3931 631 4016 quat
665 3899 710 3985 fit
737 3901 786 3985 ad
820 3925 885 3982 ca
923 3903 1023 3989 ficut
1057 3931 1074 3987 s
1109 3907 1197 3986 &v
1226 3901 1332 3987 fimul
1359 3899 1410 3984 ad
1436 3925 1482 3990 ns

154 4019 347 4130 capiatur
380 4017 499 4103 etiam
534 4043 598 4102 rc
634 4043 720 4130 quae
746 4016 790 4098 stt
831 4013 882 4098 ad
912 4041 1051 4101 cour
1077 4043 1103 4101 n
1131 4023 1207 4100 &s
1235 4017 1343 4100 fimul
1358 4014 1478 4099 adv:

152 4133 309 4238 junaae
327 4135 437 4215 rcaae
471 4158 564 4229 no,
592 4158 655 4213 nn
718 4128 956 4213 roducantur
982 4130 1111 4216 donec
1134 4155 1388 4220 concurrantt
1410 4153 1480 4241 per

150 4249 329 4333 illatum
360 4243 585 4330 concursum
614 4267 641 4326 n
675 4160 964 4327 <intantum
996 4245 1047 4328 ad
1077 4271 1148 4328 nc
1180 4251 1220 4326 δι
1253 4269 1328 4326 uu
1355 4243 1478 4326 adae

150 4357 399 4474 parallelae,
428 4385 514 4443 cum
547 4353 762 4471 respectivis
788 4359 900 4440 retiis
927 4383 1205 4444 concurrentes
1235 4383 1280 4442 ut
1302 4359 1343 4442 in
1377 4351 1481 4442 sche-

152 4499 307 4558 mate:
346 4471 460 4554 duoia
490 4501 522 4555 u
541 4501 569 4554 rc
593 4472 646 4554 est
665 4497 712 4555 ea
747 4497 833 4584 quae
855 4471 1050 4583 quaeritur.

216 4589 339 4673 Nam
369 4608 531 4698 propter
554 4583 754 4699 parallelas
780 4611 861 4668 uu
897 4591 937 4667 ot
969 4609 1084 4689 nn,
1122 4587 1174 4672 eii
1198 4609 1277 4670 uu
1319 4583 1372 4674 ad
1393 4606 1423 4668 Ν
1444 4611 1476 4665 nt

811 4698 959 4835 ‚cc-3
1439 4732 1484 4796 ut
1578 4755 1583 4773 ,.
