4376 5694
278 623 1129 744 onannral‘atcaananum'n.
1162 643 1356 726 amru.
1411 675 1477 742 591

174 767 350 884 {eriptam
371 772 581 888 sphaeram,
606 801 768 894 propter
793 783 960 866 Telluris
985 805 1136 863 motum
1153 777 1255 862 cirea
1279 779 1480 889 proprium

175 889 305 970 Auem
328 893 558 1005 pernicem,
585 899 686 980 circa
717 891 911 982 Tellurem
932 918 1124 1008 perpetuo
1154 917 1331 977 rotantur
1357 891 1482 974 fluidi·

174 1021 372 1112 tatemque
405 1003 649 1097 conservant.
1270 1041 1283 1053 ·

232 1109 542 1226 Adsphaeroidis
568 1125 679 1229 huius
712 1123 840 1234 ligura
860 1115 1025 1232 speciem
1052 1117 1398 1215 determinandam,
1416 1115 1489 1198 ad·-
1629 1169 1631 1176 =

174 1251 350 1310 vertatur
374 1229 678 1321 demonstratum
719 1231 859 1320 esseio
887 1235 1002 1347 Prop.
1033 1261 1143 1346 praec.
1177 1229 1366 1316 excessum
1398 1239 1481 1313 axis
1592 1259 1598 1278 ‘

172 1335 393 1450 sphaeroidis
417 1347 598 1461 oblonga
628 1345 737 1463 supra
768 1347 999 1432 diametrum
1034 1347 1123 1428 huic
1160 1346 1375 1426 normalem
1406 1339 1482 1428 elle

171 1454 223 1534 ad
246 1451 435 1540 excessum
459 1461 689 1549 Altitudinis
718 1464 890 1546 maxima
915 1462 1036 1544 Maris
1063 1459 1180 1542 noslri
1213 1456 1237 1540 a
1265 1457 1411 1539 viribus
1426 1453 1482 1540 so·

171 1565 246 1648 lius
276 1567 395 1666 Lunae
426 1569 531 1658 sassa
569 1572 681 1687 supra
708 1576 906 1676 minimam
942 1575 983 1656 in
1017 1573 1169 1656 ratione
1203 1569 1481 1680 compositaex

171 1680 323 1762 ratione
348 1687 546 1791 gravitatis
568 1687 846 1776 acceleratricis
872 1691 989 1772 Luuae
1022 1689 1062 1768 in
1098 1692 1257 1768 Terram
1288 1681 1338 1766 ad
1361 1682 1480 1792 gnavi-

169 1815 292 1875 ratem
327 1799 632 1885 acceleratricem
663 1810 791 1888 Terrae
823 1802 863 1883 in
888 1801 1060 1896 Lunam,
1087 1802 1129 1878 de
1147 1799 1306 1906 ratione
1323 1797 1480 1879 Diame-

167 1904 219 1986 tri
252 1909 367 1990 Lunae
401 1912 451 1994 ad
477 1915 721 2000 Diamerrum
747 1920 905 2001 Terra:
939 1913 1018 1996 Sed
1034 1909 1165 2012 ,datur
1189 1935 1353 2020 utraque
1380 1911 1480 1992 ratio

167 2043 445 2131 componens,
471 2029 578 2138 prior
604 2058 652 2114 ex
679 2034 796 2140 Prop.
827 2049 947 2109 ux11
973 2065 1002 2124 ,=
1032 2023 1219 2139 posterior
1256 2051 1303 2108 ex
1357 2025 1474 2133 Prop.

166 2153 287 2218 uxr
315 2131 430 2220 datur
452 2141 566 2250 igitur
595 2143 809 2253 composita
835 2141 860 2237 ,'
896 2165 1037 2251 nempe
1066 2136 1167 2220 ratio
1197 2129 1367 2220 excellas
1397 2135 1479 2220 axis

161 2239 391 2356 sphaeroidis
427 2253 541 2336 Lunae
565 2249 672 2366 supra
702 2257 933 2338 diametrum
974 2254 1031 2337 illi
1072 2253 1284 2334 normalem
1305 2247 1379 2337 ad
1415 2272 1481 2332 ex·

163 2352 311 2440 cellum
339 2361 568 2450 Altitudinis
598 2369 770 2452 maxima
790 2366 909 2450 Maris
933 2366 1051 2449 nostri
1083 2359 1243 2448 isolius
1270 2365 1389 2446 Luna
1418 2363 1481 2446 ‘vi-

163 2471 276 2554 ribus
292 2469 397 2557 fadae
413 2473 523 2590 supra
538 2481 750 2565 minimam.
806 2483 934 2566 Datur
964 2504 1095 2564 autem
1126 2472 1294 2582 excessus
1327 2475 1390 2557 hic
1409 2501 1495 2594 per·
1531 2551 1538 2564 ‚
1578 2501 1580 2508 ¹

163 2577 522 2684 observationemr
568 2623 661 2707 ergo
693 2601 732 2676 &
756 2581 851 2692 ille,
896 2617 1036 2702 nempe
1062 2585 1231 2674 excelsus
1256 2589 1337 2670 axis
1367 2582 1480 2697 sphae·

156 2697 291 2806 roidis
325 2703 483 2788 Lunaris
510 2702 619 2818 supra
653 2693 896 2790 Diametrurn
921 2707 976 2787 illi
994 2703 1240 2786 normalem:
1286 2699 1480 2786 daturau·

164 2835 253 2894 tem
277 2813 355 2928 ipsa
390 2819 546 2902 Lunaris
573 2821 773 2904 Diameter
798 2845 869 2929 per
899 2823 1013 2930 Prop.
1046 2841 1168 2904 u1xr
1209 2839 1304 2926 ergo
1328 2816 1368 2894 dc
1395 2812 1477 2896 axis

160 2919 390 3124 1splnarroid‘rs
414 2929 541 3042 figura
569 2930 756 3046 qualum.
811 2929 983 3016 Desinira
1003 2930 1119 3042 igitur
1136 2929 1188 3012 est
1212 2927 1329 3010 Lunae
1357 2926 1479 3038 figura

176 3039 403 3152 pharoides
427 3046 617 3158 oblonga.
666 3049 785 3154 Qss.
811 3049 877 3128 F..

161 3217 166 3224 .
230 3155 350 3237 Lunae
379 3155 500 3268 ligura
531 3187 583 3242 ex
616 3157 841 3269 Sphaeroide
875 3157 1027 3268 prolata
1055 3157 1172 3268 Prop.
1205 3179 1360 3238 ux111.
1389 3152 1480 3256 desi·

159 3271 283 3364 nita,
310 3272 352 3350 dc
380 3269 556 3383 oblonga
593 3270 665 3355 hic
696 3299 856 3354 uxvrr.
907 3269 1163 3356 determinata
1201 3269 1478 3378 componitur:

162 3385 231 3471 At
265 3377 293 3463 sr
322 3381 423 3465 illius
452 3377 665 3496 superficies
697 3383 817 3468 fluido
842 3406 1055 3496 tegeretur,
1081 3383 1193 3464 tertia
1227 3405 1410 3492 praterea
1426 3373 1492 3464 es·-

156 3491 224 3581 set
252 3495 374 3605 figura
402 3490 630 3608 sphaeroides
658 3497 833 3609 oblonga
859 3493 959 3602 lisia
987 3492 1010 3578 ὲ
1034 3495 1136 3578 Solis
1169 3493 1221 3577 Vi
1258 3491 1481 3606 pertraban-

160 3633 242 3706 te,
282 3609 390 3712 cujus
415 3610 497 3694 axis
529 3611 740 3720 produslus
771 3637 841 3744 per
878 3609 1012 3694 Solem
1045 3607 1258 3706 transtret,
1298 3600 1480 3718 cujusque

160 3721 340 3836 proinde
362 3722 610 3821 eminentia,
638 3718 754 3808 semel
774 3751 815 3805 m
839 3721 1038 3812 rotatione
1055 3725 1171 3805 Lunae
1193 3713 1302 3832 super
1332 3719 1483 3830 propri·
1575 3787 1578 3795 .

160 3863 240 3920 um
276 3834 452 3933 arem,
499 3833 689 3948 integrum
732 3838 848 3920 Lunae
884 3832 1072 3926 ambitum
1104 3855 1323 3945 peragraret
1364 3831 1476 3914 instar

161 3943 299 4050 AEstds
315 3949 433 4031 Maris
460 3951 592 4034 nostri.
642 3952 769 4051 Hujus
795 3949 966 4034 elevatio
989 3945 1156 4030 maxima
1183 3999 1202 4042 5
1239 3966 1347 4028 extra
1373 3943 1482 4053 supra

160 4057 374 4146 definitam
401 4059 562 4174 liguram
588 4067 781 4148 Lunatem
813 4115 827 4160 ‚
869 4052 963 4144 esset
986 4059 1036 4142 ad
1069 4060 1333 4156 elevationem
1360 4055 1481 4138 Maris

142 4171 328 4269 moliti,
351 4172 373 4256 i
399 4171 479 4259 sola
500 4177 562 4258 'Vi
582 4178 684 4261 Solis
702 4173 870 4271 facian,
890 4197 934 4256 ut
953 4171 1161 4266 Diameter
1178 4171 1294 4259 Lunae
1322 4169 1373 4255 ad
1388 4168 1483 4254 Dia-

133 4297 345 4378 'metrum
360 4289 517 4384 Terra,
545 4295 586 4374 dt
611 4287 777 4402 proinde
807 4308 917 4372 nota.
1135 4305 1139 4318 '

230 4401 336 4512 Qua
358 4397 410 4484 de
432 4405 550 4486 Terra
574 4397 734 4514 ejusque
760 4399 933 4486 Satellite
957 4401 1064 4486 luna
1096 4397 1196 4484 dieta
1224 4394 1347 4496 sunt,
1390 4420 1483 4483 vera

161 4513 298 4600 etiam
319 4537 433 4597 erunt
462 4513 513 4596 de
531 4521 633 4628 Jove
665 4517 954 4600 &Saturno-dc
983 4541 1119 4598 eorum
1151 4509 1416 4610 satellitibus,
1451 4509 1484 4596 ¹li

162 4627 242 4728 ,vd
281 4649 386 4712 nunc
429 4627 497 4712 vel
531 4630 628 4718 olim
660 4627 787 4724 fluida,
815 4623 959 4826 firprmt
991 4627 1163 4741 ingentia
1193 4628 1259 4713 issa
1295 4647 1480 4759 corpora:

773 4784 782 4806 ··
919 4757 948 4845 ἦ
1317 4757 1530 4850 gravitas-
