4420 5692
698 589 794 689 :4⁶0
867 559 1471 653 'asTnoNoMM
1518 563 1862 647 PHYSICAE

536 715 767 805 nurnrrnie
797 707 966 828 aspebtus
998 710 1186 811 subeunt,
1226 734 1259 818 ).
1291 709 1381 797 ferri
1420 711 1457 795 in
1507 705 1797 824 consequentia.

574 819 673 896 ‘fd-5·
781 830 925 912 Omnia
953 827 1132 939 predicta
1158 828 1301 912 eodem
1328 825 1409 912 fere
1439 824 1563 910 modo
1595 821 1632 910 se
1663 823 1893 919 habebunt,
1929 823 2022 912 licet

607 959 610 966 “
718 937 861 1058 species
905 943 1052 1026 Orbitae
1088 939 1311 1025 Secundarii
1351 967 1433 1024 non
1472 955 1627 1030 maneat
1659 931 1809 1052 praecise
1845 935 2019 1036 eadem,

719 1056 843 1142 modo
871 1058 1036 1140 mutatio
1053 1054 1377 1139 ‘Excentricitatis
1404 1081 1486 1138 non
1515 1051 1561 1137 fit
1587 1079 1727 1166 magna
1751 1050 1878 1136 nimis.

986 1245 1527 1331 PROPOSITIO
1617 1242 1786 1338 mu·

720 1431 767 1516 Si
792 1431 941 1517 Satrdes
974 1441 1017 1515 in
1049 1431 1151 1517 Orbe
1178 1431 1398 1514 Errentricr
1430 1439 1528 1513 circa
1558 1431 1791 1514 Primrrirrm
1813 1428 1924 1538 sium
1948 1437 2020 1512 n'rr-

755 1577 940 1636 .vratur‚
998 1547 1103 1658 hujus
1135 1547 1410 1644 Excemrr'cr'trs
1441 1545 1493 1626 bis
1540 1550 1583 1625 in
1624 1545 1759 1656 quiris
1794 1549 2020 1628 revolutione
2105 1583 2109 1592 ·

772 1661 979 1744 mutabitur
1019 1698 1031 1739 :
1066 1660 1112 1753 (r
1150 1669 1192 1742 in
1227 1691 1303 1742 una
1345 1656 1523 1744 Satedirr's
1554 1663 1800 1744 revolutione
1846 1665 1919 1740 erit
1951 1656 2020 1738 hec

775 1783 965 1873 maxima,
992 1775 1095 1871 'cum
1126 1772 1277 1866 Srtedes
1313 1771 1480 1880 vrrfirtur
1506 1779 1550 1854 in
1582 1753 1751 1884 Sizygir'r
1794 1799 1876 1852 cum
1907 1767 2019 1862 Soles

775 1896 933 1970 minima
960 1919 1079 1988 vero,
1114 1921 1194 1969 cum
1224 1897 1267 1968 in
1291 1883 1583 2006 Qadratrrris:
1616 1883 1663 1978 ἀ
1691 1893 1735 1966 in
1768 1885 1924 1995 transtra
1953 1881 2020 1964 Sa·

774 2005 909 2090 tollitis
940 2000 964 2087 ri
1002 1999 1255 2120 Qadrrturis
1286 2007 1340 2082 ad
1368 2000 1541 2114 Syzygiar
1566 2023 1740 2110 perpetuo
1768 2025 1947 2109 rugetur,
1974 1997 2019 2090 ό·

774 2115 794 2204 i
824 2143 948 2198 contra
974 2123 1018 2196 ir
1054 2118 1205 2224 ejusdem
1233 2117 1444 2228 transtuli
1476 2111 1647 2234 Syzygiis
1675 2113 1729 2196 ad
1760 2110 2018 2232 Qrdraetrrrrt

627 2255 631 2264 ’
764 2254 939 2342 perpetuo
965 2235 1162 2315 minuatur.

717 2417 825 2620 N
847 2425 925 2556 Am
943 2421 969 2508 si
986 2450 1127 2538 corpur
1145 2403 1258 2564 quod
1271 2419 1424 2558 Ellipfin
1437 2420 1569 2508 datam
1589 2417 1854 2519 describebat,
1874 2423 1892 2521 (
1907 2417 2016 2535 quod

844 2535 893 2621 sc.
927 2539 1136 2651 urgebatur
1161 2567 1185 2621 a
1205 2541 1259 2621 Vr
1285 2562 1501 2649 centripeta
1527 2534 1579 2619 ad
1604 2533 1737 2620 focum
1760 2537 1922 2619 alterum
1946 2559 2017 2620 ceu

717 2678 893 2738 centrum
922 2651 1132 2749 tendente,
1163 2679 1248 2762 quae
1280 2652 1335 2737 est
1363 2652 1561 2763 reciproce
1594 2648 1897 2762 proportionalis
1922 2675 2018 2842 pua-

716 2766 832 2848 drato
859 2764 1042 2847 distantia
1069 2763 1120 2848 ab
1147 2763 1365 2871 eodem,)
1398 2765 1438 2846 in
1467 2757 1645 2847 descensu
1667 2762 1717 2846 ab
1747 2761 1895 2873 Apfide
1939 2790 2017 2846 utn-

716 2905 781 2962 ma
803 2876 991 2959 adimam
1022 2875 1248 2988 urgeaturd
1282 2879 1332 2961 Vi
1365 2877 1604 2988 centripeta,
1639 2903 1725 2987 quae
1757 2897 1918 2985 augetur
1939 2901 2016 2958 ma·

715 2993 773 3106 gis
794 3017 910 3103 quarn
932 3017 1004 3100 pro
1029 2987 1226 3102 duplicata
1254 2991 1405 3076 ratione
1442 2989 1625 3073 distantiae
1658 2989 1681 3072 i
1707 3011 1842 3072 centro
1865 2986 1944 3072 five
1967 2989 2016 3072 al·

712 3104 888 3190 titudinis
918 3103 1113 3189 diminutae
1131 3101 1410 3194 r'manifestum
1439 3105 1515 3200 est,
1546 3099 1658 3216 quod
1689 3128 1829 3214 corpus
1857 3099 1908 3186 sic
1931 3127 2014 3187 ver·

710 3215 770 3304 sus
794 3228 968 3302 cent'rum
998 3214 1199 3330 impulsum
1230 3218 1351 3332 magis
1380 3241 1578 3331 urgeretur
1610 3217 1651 3300 in
1687 3217 1766 3300 hoc
1808 3238 1983 3299 centrum
1983 3273 2015 3324 Α,

634 3381 637 3388 ·
742 3361 828 3418 uam
858 3331 885 3416 st
915 3357 1112 3442 urgeretur
1147 3331 1414 3444 (ueprius)
1452 3329 1556 3415 rvi
1598 3324 1792 3413 crescente
1817 3325 1940 3412 solum
1971 3331 2012 3411 in

708 3363 907 3555 duplicata
931 3448 1082 3530 ratione
1102 3443 1282 3529 distantiae
1301 3444 1525 3532 diminutaer
1554 3441 1735 3557 adeoque
1757 3442 1906 3526 Orbem
1933 3435 2012 3526 des-

711 3560 877 3642 criberet
906 3559 1014 3670 Orbe
1052 3559 1235 3667 Elliptico
1269 3583 1384 3641 antea
1412 3553 1606 3668 descripto
1638 3555 1940 3668 (praeterquam
1970 3556 2009 3636 in

708 3666 788 3782 ipsa
817 3669 960 3782 Apstde
990 3665 1133 3754 summa
1154 3672 1171 3780 )
1196 3671 1446 3769 interiorem,
1488 3676 1528 3754 bc
1554 3673 1595 3752 in
1615 3668 1776 3780 Apsrde
1806 3670 1883 3752 ima
1951 3693 2011 3753 ro·

706 3785 794 3896 pius
825 3783 1028 3884 accederet
1053 3783 1103 3866 ad
1130 3811 1305 3869 centrum
1334 3813 1452 3896 quam
1484 3784 1587 3892 prius
1613 3814 1625 3874 ;
1650 3783 1729 3867 hoc
1755 3783 1832 3880 est,
1860 3699 2010 3865 Orbem

707 3899 817 3982 Orbe
851 3898 980 4010 priore
1013 3899 1132 4007 magis
1166 3901 1466 3993 Excentricum,
1507 3896 1585 3981 five
1627 3900 1667 3981 in
1706 3923 1789 4010 quo
1832 3894 2007 3978 distantia

706 4012 882 4119 corporis
915 4013 954 4090 in
993 4010 1137 4119 Apside
1176 4005 1319 4089 summa
1358 4012 1543 4111 majorem
1577 4009 1697 4095 habet
1729 4008 1922 4092 rationem
1957 4007 2007 4090 ad

707 4123 807 4205 iilius
834 4121 1049 4205 distantiam
1082 4122 1121 4202 in
1146 4119 1292 4231 Apstde
1324 4120 1426 4216 ima,
1457 4149 1573 4234 quam
1607 4124 1647 4207 in
1671 4124 1811 4238 priore.
1859 4124 1900 4206 Si
1919 4149 2007 4236 pot-

580 4253 584 4260 ’
707 4261 753 4316 ιο
786 4237 857 4317 Vis
882 4238 921 4317 in
954 4228 1105 4318 ascensu
1133 4235 1306 4345 corporis
1329 4235 1379 4317 ab
1406 4233 1444 4318 A
1475 4235 1550 4319 side
1578 4238 1655 4322 ima
1684 4228 1923 4320 decresceret
1950 4229 2005 4316 iis-

705 4347 798 4430 dem
824 4348 1032 4458 gradibus,
1057 4347 1198 4459 quibus
1222 4347 1262 4429 in
1297 4264 1475 4433 descensui
1507 4373 1684 4435 creverat
1708 4383 1723 4440 ι
1749 4349 1891 4433 rediret
1920 4377 2005 4432 cor·

633 4551 637 4562 ,
704 4487 777 4576 pus
809 4461 859 4544 ad
891 4460 1103 4546 distantiam
1135 4464 1334 4574 priorem:
1360 4462 1439 4545 Sed
1465 4461 1490 4546 fi
1513 4464 1587 4548 Vis
1617 4463 1830 4573 centripeta
1857 4457 2003 4545 decres-

706 4599 769 4662 cat
799 4577 918 4690 magis
949 4603 1065 4689 quarn
1091 4604 1164 4690 pro
1194 4573 1294 4661 dieta
1323 4577 1501 4678 ratione,
1530 4605 1670 4693 corpus
1699 4582 1775 4687 jam
1803 4577 1927 4659 minus
1947 4599 2005 4658 at·

1845 4693 2004 4774 trabium
