<?xml version="1.0" encoding="UTF-8"?>
<!DOCTYPE html PUBLIC "-//W3C//DTD XHTML 1.0 Transitional//EN"
    "http://www.w3.org/TR/xhtml1/DTD/xhtml1-transitional.dtd">
<html xmlns="http://www.w3.org/1999/xhtml" xml:lang="en" lang="en">
 <head>
  <title>
</title>
<meta http-equiv="Content-Type" content="text/html;charset=utf-8" />
  <meta name='ocr-system' content='tesseract 3.04.00' />
  <meta name='ocr-capabilities' content='ocr_page ocr_carea ocr_par ocr_line ocrx_word'/>
</head>
<body>
  <div class='ocr_page' id='page_1' title='image "./davidisgregorii00huargoog_0354.png"; bbox 0 0 4322 5686; ppageno 0'>
   <div class='ocr_carea' id='block_1_1' title="bbox 315 553 1512 658">
    <p class='ocr_par' dir='ltr' id='par_1_1' title="bbox 315 553 1512 658">
     <span class='ocr_line' id='line_1_1' title="bbox 315 553 1512 658; baseline 0.008 -26"><span class='ocrx_word' id='word_1_1' title='bbox 315 553 354 632; x_wconf 69' lang='lat' dir='ltr'>e</span> <span class='ocrx_word' id='word_1_2' title='bbox 381 553 785 632; x_wconf 70' lang='lat' dir='ltr'>cronnrnrce</span> <span class='ocrx_word' id='word_1_3' title='bbox 816 555 1164 639; x_wconf 72' lang='lat' dir='ltr'>sucurrere.</span> <span class='ocrx_word' id='word_1_4' title='bbox 1191 564 1351 636; x_wconf 61' lang='lat' dir='ltr'>nnus.</span> <span class='ocrx_word' id='word_1_5' title='bbox 1418 577 1512 658; x_wconf 65' lang='lat' dir='ltr'>m</span> 
     </span>
    </p>
   </div>
   <div class='ocr_carea' id='block_1_2' title="bbox 165 678 1491 1887">
    <p class='ocr_par' dir='ltr' id='par_1_2' title="bbox 167 678 1491 1204">
     <span class='ocr_line' id='line_1_2' title="bbox 169 678 1488 801; baseline 0.004 -31"><span class='ocrx_word' id='word_1_6' title='bbox 169 683 194 770; x_wconf 72' lang='grc' dir='ltr'>ὲ</span> <span class='ocrx_word' id='word_1_7' title='bbox 225 689 343 769; x_wconf 86' lang='lat' dir='ltr'>Terra</span> <span class='ocrx_word' id='word_1_8' title='bbox 371 678 464 796; x_wconf 72' lang='lat' dir='ltr'>abst</span> <span class='ocrx_word' id='word_1_9' title='bbox 494 711 610 796; x_wconf 84' lang='lat' dir='ltr'>quam</span> <span class='ocrx_word' id='word_1_10' title='bbox 638 711 686 770; x_wconf 91' lang='lat' dir='ltr'>ut</span> <span class='ocrx_word' id='word_1_11' title='bbox 715 687 815 772; x_wconf 89' lang='lat' dir='ltr'>illius</span> <span class='ocrx_word' id='word_1_12' title='bbox 849 688 1023 772; x_wconf 79' lang='lat' dir='ltr'>distmtia</span> <span class='ocrx_word' id='word_1_13' title='bbox 1055 708 1104 771; x_wconf 75' lang='lat' dir='ltr'>ex</span> <span class='ocrx_word' id='word_1_14' title='bbox 1135 694 1315 801; x_wconf 74' lang='lat' dir='ltr'>parullsxi</span> <span class='ocrx_word' id='word_1_15' title='bbox 1340 691 1488 776; x_wconf 76' lang='lat' dir='ltr'>deliniri</span> 
     </span>
     <span class='ocr_line' id='line_1_3' title="bbox 170 797 1489 909; baseline 0.005 -33"><span class='ocrx_word' id='word_1_16' title='bbox 170 819 287 905; x_wconf 82' lang='lat' dir='ltr'>queat</span> <span class='ocrx_word' id='word_1_17' title='bbox 328 827 337 874; x_wconf 76' lang='grc' dir='ltr'><strong><em>ε</em></strong></span> <span class='ocrx_word' id='word_1_18' title='bbox 393 797 517 877; x_wconf 90' lang='lat' dir='ltr'>Immo</span> <span class='ocrx_word' id='word_1_19' title='bbox 565 797 658 878; x_wconf 82' lang='lat' dir='ltr'><strong>nihil</strong></span> <span class='ocrx_word' id='word_1_20' title='bbox 692 797 819 880; x_wconf 78' lang='lat' dir='ltr'>obstat</span> <span class='ocrx_word' id='word_1_21' title='bbox 851 799 944 908; x_wconf 91' lang='lat' dir='ltr'>quin</span> <span class='ocrx_word' id='word_1_22' title='bbox 983 803 1150 882; x_wconf 67' lang='lat' dir='ltr'>Martem</span> <span class='ocrx_word' id='word_1_23' title='bbox 1184 797 1291 909; x_wconf 87' lang='lat' dir='ltr'>supra</span> <span class='ocrx_word' id='word_1_24' title='bbox 1331 804 1489 907; x_wconf 79' lang='lat' dir='ltr'>Jovem‚</span> 
     </span>
     <span class='ocr_line' id='line_1_4' title="bbox 169 901 1486 1019; baseline 0.002 -33"><span class='ocrx_word' id='word_1_25' title='bbox 169 929 237 986; x_wconf 77' lang='lat' dir='ltr'>aut</span> <span class='ocrx_word' id='word_1_26' title='bbox 268 907 470 988; x_wconf 82' lang='lat' dir='ltr'>Saturnum</span> <span class='ocrx_word' id='word_1_27' title='bbox 502 901 601 987; x_wconf 86' lang='lat' dir='ltr'>insta</span> <span class='ocrx_word' id='word_1_28' title='bbox 633 909 832 1004; x_wconf 87' lang='lat' dir='ltr'>Martem,</span> <span class='ocrx_word' id='word_1_29' title='bbox 876 906 1079 1006; x_wconf 86' lang='lat' dir='ltr'>collocet,</span> <span class='ocrx_word' id='word_1_30' title='bbox 1122 906 1189 992; x_wconf 82' lang='lat' dir='ltr'>nifi</span> <span class='ocrx_word' id='word_1_31' title='bbox 1212 909 1344 1019; x_wconf 79' lang='lat' dir='ltr'>regula</span> <span class='ocrx_word' id='word_1_32' title='bbox 1372 914 1486 1017; x_wconf 84' lang='lat' dir='ltr'>Prop.</span> 
     </span>
     <span class='ocr_line' id='line_1_5' title="bbox 167 1009 1491 1141; baseline 0.002 -45"><span class='ocrx_word' id='word_1_33' title='bbox 167 1040 280 1141; x_wconf 64' lang='lat' dir='ltr'>pret.</span> <span class='ocrx_word' id='word_1_34' title='bbox 296 1009 449 1140; x_wconf 33' lang='lat' dir='ltr'>‚tradite</span> <span class='ocrx_word' id='word_1_35' title='bbox 462 1070 486 1119; x_wconf 58' lang='lat'>2</span> <span class='ocrx_word' id='word_1_36' title='bbox 534 1018 575 1097; x_wconf 71' lang='grc' dir='ltr'>δι</span> <span class='ocrx_word' id='word_1_37' title='bbox 603 1017 682 1098; x_wconf 80' lang='lat' dir='ltr'>haec</span> <span class='ocrx_word' id='word_1_38' title='bbox 704 1016 862 1127; x_wconf 90' lang='lat' dir='ltr'>quidem</span> <span class='ocrx_word' id='word_1_39' title='bbox 881 1010 1073 1126; x_wconf 75' lang='lat' dir='ltr'>sagacitati</span> <span class='ocrx_word' id='word_1_40' title='bbox 1095 1045 1176 1102; x_wconf 80' lang='lat' dir='ltr'>non</span> <span class='ocrx_word' id='word_1_41' title='bbox 1199 1017 1491 1101; x_wconf 76' lang='lat' dir='ltr'>demonstratio-</span> 
     </span>
     <span class='ocr_line' id='line_1_6' title="bbox 167 1147 367 1204; baseline -0.005 0"><span class='ocrx_word' id='word_1_42' title='bbox 167 1148 207 1204; x_wconf 87' lang='lat' dir='ltr'>m</span> <span class='ocrx_word' id='word_1_43' title='bbox 226 1147 367 1204; x_wconf 85' lang='lat' dir='ltr'>rnnrxa.</span> 
     </span>
    </p>

    <p class='ocr_par' dir='ltr' id='par_1_3' title="bbox 165 1227 1491 1887">
     <span class='ocr_line' id='line_1_7' title="bbox 219 1227 1487 1344; baseline 0 -31"><span class='ocrx_word' id='word_1_44' title='bbox 219 1231 327 1313; x_wconf 80' lang='lat' dir='ltr'>Loca</span> <span class='ocrx_word' id='word_1_45' title='bbox 357 1231 459 1317; x_wconf 90' lang='lat' dir='ltr'>Solis</span> <span class='ocrx_word' id='word_1_46' title='bbox 491 1235 741 1344; x_wconf 91' lang='lat' dir='ltr'>omniumque</span> <span class='ocrx_word' id='word_1_47' title='bbox 777 1235 1056 1330; x_wconf 87' lang='lat' dir='ltr'>Planetarum,</span> <span class='ocrx_word' id='word_1_48' title='bbox 1106 1230 1129 1315; x_wconf 78' lang='grc' dir='ltr'>ὲ</span> <span class='ocrx_word' id='word_1_49' title='bbox 1162 1236 1358 1316; x_wconf 85' lang='lat' dir='ltr'>Mercurio</span> <span class='ocrx_word' id='word_1_50' title='bbox 1394 1227 1487 1330; x_wconf 71' lang='lat' dir='ltr'>viss,</span> 
     </span>
     <span class='ocr_line' id='line_1_8' title="bbox 166 1335 1491 1455; baseline 0 -33"><span class='ocrx_word' id='word_1_51' title='bbox 166 1335 307 1444; x_wconf 84' lang='lat' dir='ltr'>eodem</span> <span class='ocrx_word' id='word_1_52' title='bbox 340 1338 462 1424; x_wconf 90' lang='lat' dir='ltr'>modo</span> <span class='ocrx_word' id='word_1_53' title='bbox 485 1342 794 1440; x_wconf 76' lang='lat' dir='ltr'>investioantur,</span> <span class='ocrx_word' id='word_1_54' title='bbox 843 1372 924 1455; x_wconf 91' lang='lat' dir='ltr'>quo</span> <span class='ocrx_word' id='word_1_55' title='bbox 946 1371 994 1425; x_wconf 87' lang='lat' dir='ltr'>ex</span> <span class='ocrx_word' id='word_1_56' title='bbox 1016 1338 1170 1426; x_wconf 84' lang='lat' dir='ltr'>Tellure</span> <span class='ocrx_word' id='word_1_57' title='bbox 1194 1335 1313 1442; x_wconf 77' lang='lat' dir='ltr'>visa,</span> <span class='ocrx_word' id='word_1_58' title='bbox 1354 1340 1491 1424; x_wconf 82' lang='lat' dir='ltr'>&amp;Ta-</span> 
     </span>
     <span class='ocr_line' id='line_1_9' title="bbox 167 1408 1490 1562; baseline 0 -32"><span class='ocrx_word' id='word_1_59' title='bbox 167 1447 343 1552; x_wconf 85' lang='lat' dir='ltr'>bularum</span> <span class='ocrx_word' id='word_1_60' title='bbox 374 1449 459 1531; x_wconf 92' lang='lat' dir='ltr'>Lib.</span> <span class='ocrx_word' id='word_1_61' title='bbox 498 1474 566 1532; x_wconf 87' lang='lat'>111.</span> <span class='ocrx_word' id='word_1_62' title='bbox 610 1408 880 1561; x_wconf 78' lang='lat' dir='ltr'>descriptarum</span> <span class='ocrx_word' id='word_1_63' title='bbox 910 1480 988 1562; x_wconf 92' lang='lat' dir='ltr'>ope</span> <span class='ocrx_word' id='word_1_64' title='bbox 1019 1446 1251 1532; x_wconf 87' lang='lat' dir='ltr'>definiuntur</span> <span class='ocrx_word' id='word_1_65' title='bbox 1290 1485 1299 1532; x_wconf 73' lang='grc' dir='ltr'><strong>ε</strong></span> <span class='ocrx_word' id='word_1_66' title='bbox 1358 1455 1490 1562; x_wconf 78' lang='lat' dir='ltr'>Qum</span> 
     </span>
     <span class='ocr_line' id='line_1_10' title="bbox 168 1556 1487 1643; baseline -0.002 -3"><span class='ocrx_word' id='word_1_67' title='bbox 168 1557 269 1640; x_wconf 91' lang='lat' dir='ltr'>enim</span> <span class='ocrx_word' id='word_1_68' title='bbox 300 1585 347 1638; x_wconf 86' lang='lat' dir='ltr'>ex</span> <span class='ocrx_word' id='word_1_69' title='bbox 379 1558 454 1640; x_wconf 87' lang='lat' dir='ltr'>illis</span> <span class='ocrx_word' id='word_1_70' title='bbox 483 1556 571 1641; x_wconf 85' lang='lat' dir='ltr'>loca</span> <span class='ocrx_word' id='word_1_71' title='bbox 598 1559 885 1642; x_wconf 88' lang='lat' dir='ltr'>Heliocentrica</span> <span class='ocrx_word' id='word_1_72' title='bbox 912 1589 999 1643; x_wconf 89' lang='lat' dir='ltr'>cum</span> <span class='ocrx_word' id='word_1_73' title='bbox 1028 1560 1210 1640; x_wconf 87' lang='lat' dir='ltr'>Mercurii</span> <span class='ocrx_word' id='word_1_74' title='bbox 1231 1581 1314 1639; x_wconf 91' lang='lat' dir='ltr'>tum</span> <span class='ocrx_word' id='word_1_75' title='bbox 1335 1557 1487 1640; x_wconf 79' lang='lat' dir='ltr'>alterius</span> 
     </span>
     <span class='ocr_line' id='line_1_11' title="bbox 167 1659 1490 1776; baseline 0 -30"><span class='ocrx_word' id='word_1_76' title='bbox 167 1659 328 1770; x_wconf 88' lang='lat' dir='ltr'>cujusvis</span> <span class='ocrx_word' id='word_1_77' title='bbox 366 1688 542 1776; x_wconf 88' lang='lat' dir='ltr'>prompte</span> <span class='ocrx_word' id='word_1_78' title='bbox 580 1665 737 1750; x_wconf 86' lang='lat' dir='ltr'>definita</span> <span class='ocrx_word' id='word_1_79' title='bbox 771 1668 1016 1765; x_wconf 88' lang='lat' dir='ltr'>habeantur,</span> <span class='ocrx_word' id='word_1_80' title='bbox 1057 1666 1211 1749; x_wconf 85' lang='lat' dir='ltr'>alterius</span> <span class='ocrx_word' id='word_1_81' title='bbox 1238 1665 1338 1747; x_wconf 88' lang='lat' dir='ltr'>istius</span> <span class='ocrx_word' id='word_1_82' title='bbox 1381 1667 1490 1748; x_wconf 82' lang='lat' dir='ltr'>locus</span> 
     </span>
     <span class='ocr_line' id='line_1_12' title="bbox 165 1772 1488 1887; baseline -0.001 -31"><span class='ocrx_word' id='word_1_83' title='bbox 165 1777 501 1858; x_wconf 88' lang='lat' dir='ltr'>Hennocentricus</span> <span class='ocrx_word' id='word_1_84' title='bbox 523 1772 724 1858; x_wconf 89' lang='lat' dir='ltr'>delinietur</span> <span class='ocrx_word' id='word_1_85' title='bbox 750 1804 818 1886; x_wconf 85' lang='lat' dir='ltr'>per</span> <span class='ocrx_word' id='word_1_86' title='bbox 845 1779 976 1887; x_wconf 85' lang='lat' dir='ltr'>praxin</span> <span class='ocrx_word' id='word_1_87' title='bbox 1003 1777 1108 1885; x_wconf 84' lang='lat' dir='ltr'>praxi</span> <span class='ocrx_word' id='word_1_88' title='bbox 1144 1779 1260 1884; x_wconf 89' lang='lat' dir='ltr'>Prop.</span> <span class='ocrx_word' id='word_1_89' title='bbox 1296 1797 1367 1856; x_wconf 77' lang='lat' dir='ltr'>xr..</span> <span class='ocrx_word' id='word_1_90' title='bbox 1403 1774 1488 1856; x_wconf 82' lang='lat' dir='ltr'>Lib.</span> 
     </span>
    </p>
   </div>
   <div class='ocr_carea' id='block_1_3' title="bbox 169 1880 1645 1995">
    <p class='ocr_par' dir='ltr' id='par_1_4' title="bbox 169 1880 1645 1995">
     <span class='ocr_line' id='line_1_13' title="bbox 169 1880 1645 1995; baseline -0.001 -30"><span class='ocrx_word' id='word_1_91' title='bbox 169 1908 236 1965; x_wconf 83' lang='lat'>111.</span> <span class='ocrx_word' id='word_1_92' title='bbox 272 1880 463 1972; x_wconf 73' lang='lat' dir='ltr'>similetur</span> <span class='ocrx_word' id='word_1_93' title='bbox 506 1884 613 1994; x_wconf 91' lang='lat' dir='ltr'>quod</span> <span class='ocrx_word' id='word_1_94' title='bbox 644 1883 762 1967; x_wconf 87' lang='lat' dir='ltr'>&amp;de</span> <span class='ocrx_word' id='word_1_95' title='bbox 789 1885 868 1968; x_wconf 78' lang='lat' dir='ltr'>alio</span> <span class='ocrx_word' id='word_1_96' title='bbox 895 1885 1036 1995; x_wconf 89' lang='lat' dir='ltr'>quovis</span> <span class='ocrx_word' id='word_1_97' title='bbox 1064 1883 1230 1966; x_wconf 77' lang='lat' dir='ltr'>similiter</span> <span class='ocrx_word' id='word_1_98' title='bbox 1257 1881 1310 1964; x_wconf 86' lang='lat' dir='ltr'>ell</span> <span class='ocrx_word' id='word_1_99' title='bbox 1338 1907 1488 1979; x_wconf 85' lang='lat' dir='ltr'>verum,</span> <span class='ocrx_word' id='word_1_100' title='bbox 1632 1923 1645 1936; x_wconf 74' lang='lat'>=</span> 
     </span>
    </p>
   </div>
   <div class='ocr_carea' id='block_1_4' title="bbox 165 1986 1493 2645">
    <p class='ocr_par' dir='ltr' id='par_1_5' title="bbox 165 1986 1491 2210">
     <span class='ocr_line' id='line_1_14' title="bbox 196 1986 1491 2100; baseline 0.002 -28"><span class='ocrx_word' id='word_1_101' title='bbox 196 1990 275 2074; x_wconf 90' lang='lat' dir='ltr'>uod</span> <span class='ocrx_word' id='word_1_102' title='bbox 305 1986 417 2074; x_wconf 88' lang='lat' dir='ltr'>semel</span> <span class='ocrx_word' id='word_1_103' title='bbox 445 1989 628 2075; x_wconf 87' lang='lat' dir='ltr'>monuisse</span> <span class='ocrx_word' id='word_1_104' title='bbox 663 1989 853 2090; x_wconf 83' lang='lat' dir='ltr'>sufficiat,</span> <span class='ocrx_word' id='word_1_105' title='bbox 894 2021 945 2075; x_wconf 89' lang='lat' dir='ltr'>ne</span> <span class='ocrx_word' id='word_1_106' title='bbox 976 1991 1080 2074; x_wconf 91' lang='lat' dir='ltr'>idem</span> <span class='ocrx_word' id='word_1_107' title='bbox 1100 1993 1140 2073; x_wconf 89' lang='lat' dir='ltr'>in</span> <span class='ocrx_word' id='word_1_108' title='bbox 1163 1987 1491 2100; x_wconf 87' lang='lat' dir='ltr'>Propositionibus</span> 
     </span>
     <span class='ocr_line' id='line_1_15' title="bbox 165 2018 1239 2210; baseline -0.002 -30"><span class='ocrx_word' id='word_1_109' title='bbox 165 2018 318 2210; x_wconf 74' lang='lat' dir='ltr'>singulis</span> <span class='ocrx_word' id='word_1_110' title='bbox 339 2097 548 2180; x_wconf 89' lang='lat' dir='ltr'>identidem</span> <span class='ocrx_word' id='word_1_111' title='bbox 572 2099 820 2210; x_wconf 89' lang='lat' dir='ltr'>repetendum</span> <span class='ocrx_word' id='word_1_112' title='bbox 841 2098 898 2182; x_wconf 86' lang='lat' dir='ltr'>fit.</span> <span class='ocrx_word' id='word_1_113' title='bbox 1032 2159 1034 2166; x_wconf 82' lang='lat'>·</span> <span class='ocrx_word' id='word_1_114' title='bbox 1235 2171 1239 2178; x_wconf 75' lang='grc'>,</span> 
     </span>
    </p>

    <p class='ocr_par' dir='ltr' id='par_1_6' title="bbox 166 2207 1493 2645">
     <span class='ocr_line' id='line_1_16' title="bbox 221 2207 1491 2318; baseline -0.002 -28"><span class='ocrx_word' id='word_1_115' title='bbox 221 2210 495 2303; x_wconf 83' lang='lat' dir='ltr'>Cometaruml</span> <span class='ocrx_word' id='word_1_116' title='bbox 521 2207 776 2292; x_wconf 80' lang='lat' dir='ltr'>Phaenomena</span> <span class='ocrx_word' id='word_1_117' title='bbox 811 2235 859 2290; x_wconf 84' lang='lat' dir='ltr'>ex</span> <span class='ocrx_word' id='word_1_118' title='bbox 892 2210 1087 2293; x_wconf 87' lang='lat' dir='ltr'>Mercurio</span> <span class='ocrx_word' id='word_1_119' title='bbox 1121 2267 1135 2308; x_wconf 91' lang='lat'>,</span> <span class='ocrx_word' id='word_1_120' title='bbox 1183 2208 1313 2291; x_wconf 84' lang='lat' dir='ltr'>aliove</span> <span class='ocrx_word' id='word_1_121' title='bbox 1350 2207 1491 2318; x_wconf 86' lang='lat' dir='ltr'>quovis</span> 
     </span>
     <span class='ocr_line' id='line_1_17' title="bbox 166 2311 1491 2415; baseline -0.002 -17"><span class='ocrx_word' id='word_1_122' title='bbox 166 2313 406 2415; x_wconf 71' lang='lat' dir='ltr'>eleetis,</span> <span class='ocrx_word' id='word_1_123' title='bbox 446 2311 525 2398; x_wconf 84' lang='lat' dir='ltr'>visa</span> <span class='ocrx_word' id='word_1_124' title='bbox 558 2314 695 2398; x_wconf 88' lang='lat' dir='ltr'>eadem</span> <span class='ocrx_word' id='word_1_125' title='bbox 728 2316 808 2400; x_wconf 87' lang='lat' dir='ltr'>sere</span> <span class='ocrx_word' id='word_1_126' title='bbox 837 2313 921 2400; x_wconf 93' lang='lat' dir='ltr'>sunt</span> <span class='ocrx_word' id='word_1_127' title='bbox 944 2347 1031 2402; x_wconf 92' lang='lat' dir='ltr'>cum</span> <span class='ocrx_word' id='word_1_128' title='bbox 1051 2317 1204 2400; x_wconf 92' lang='lat' dir='ltr'>illorum</span> <span class='ocrx_word' id='word_1_129' title='bbox 1226 2315 1491 2399; x_wconf 79' lang='lat' dir='ltr'>Phaenomenis</span> 
     </span>
     <span class='ocr_line' id='line_1_18' title="bbox 166 2420 1493 2552; baseline -0.002 -46"><span class='ocrx_word' id='word_1_130' title='bbox 166 2431 215 2506; x_wconf 83' lang='lat' dir='ltr'>&#39;ex</span> <span class='ocrx_word' id='word_1_131' title='bbox 237 2424 392 2507; x_wconf 88' lang='lat' dir='ltr'>Tellure</span> <span class='ocrx_word' id='word_1_132' title='bbox 413 2422 534 2522; x_wconf 76' lang='lat' dir='ltr'>visis,</span> <span class='ocrx_word' id='word_1_133' title='bbox 563 2420 614 2506; x_wconf 90' lang='lat' dir='ltr'>de</span> <span class='ocrx_word' id='word_1_134' title='bbox 636 2425 774 2552; x_wconf 80' lang='lat' dir='ltr'>quibus</span> <span class='ocrx_word' id='word_1_135' title='bbox 795 2427 881 2508; x_wconf 77' lang='lat' dir='ltr'>lib.</span> <span class='ocrx_word' id='word_1_136' title='bbox 907 2425 1067 2537; x_wconf 85' lang='lat' dir='ltr'>praeced.</span> <span class='ocrx_word' id='word_1_137' title='bbox 1089 2425 1233 2508; x_wconf 72' lang='lat' dir='ltr'>disltun</span> <span class='ocrx_word' id='word_1_138' title='bbox 1254 2425 1329 2514; x_wconf 78' lang='lat' dir='ltr'>estr</span> <span class='ocrx_word' id='word_1_139' title='bbox 1368 2441 1493 2532; x_wconf 85' lang='lat' dir='ltr'>neque</span> 
     </span>
     <span class='ocr_line' id='line_1_19' title="bbox 166 2528 889 2645; baseline 0.001 -30"><span class='ocrx_word' id='word_1_140' title='bbox 166 2533 277 2617; x_wconf 86' lang='lat' dir='ltr'>aliter</span> <span class='ocrx_word' id='word_1_141' title='bbox 298 2559 414 2645; x_wconf 88' lang='lat' dir='ltr'>quam</span> <span class='ocrx_word' id='word_1_142' title='bbox 435 2535 473 2614; x_wconf 92' lang='lat' dir='ltr'>in</span> <span class='ocrx_word' id='word_1_143' title='bbox 496 2528 674 2615; x_wconf 87' lang='lat' dir='ltr'>mensurrs</span> <span class='ocrx_word' id='word_1_144' title='bbox 697 2533 889 2617; x_wconf 86' lang='lat' dir='ltr'>differunt.</span> 
     </span>
    </p>
   </div>
   <div class='ocr_carea' id='block_1_5' title="bbox 129 2699 1328 2894">
    <p class='ocr_par' dir='ltr' id='par_1_7' title="bbox 129 2699 1328 2894">
     <span class='ocr_line' id='line_1_20' title="bbox 129 2699 1328 2894; baseline -0.005 -30"><span class='ocrx_word' id='word_1_145' title='bbox 129 2773 174 2894; x_wconf 74' lang='grc' dir='ltr'><strong><em>χ</em></strong></span> <span class='ocrx_word' id='word_1_146' title='bbox 292 2770 315 2815; x_wconf 89' lang='grc'><em>·</em></span> <span class='ocrx_word' id='word_1_147' title='bbox 487 2699 1175 2864; x_wconf 71' lang='lat' dir='ltr'>puorosrrronr.</span> <span class='ocrx_word' id='word_1_148' title='bbox 1322 2731 1328 2744; x_wconf 86' lang='lat'>&#39;</span> 
     </span>
    </p>
   </div>
   <div class='ocr_carea' id='block_1_6' title="bbox 222 2973 1382 3098">
    <p class='ocr_par' dir='ltr' id='par_1_8' title="bbox 222 2973 1382 3098">
     <span class='ocr_line' id='line_1_21' title="bbox 222 2973 1382 3098; baseline -0.003 -40"><span class='ocrx_word' id='word_1_149' title='bbox 222 2974 463 3092; x_wconf 74' lang='lat' dir='ltr'>Phenrmenae</span> <span class='ocrx_word' id='word_1_150' title='bbox 483 2973 607 3061; x_wconf 76' lang='lat' dir='ltr'>Oculo</span> <span class='ocrx_word' id='word_1_151' title='bbox 625 2985 668 3060; x_wconf 84' lang='lat' dir='ltr'>in</span> <span class='ocrx_word' id='word_1_152' title='bbox 686 2978 829 3098; x_wconf 76' lang='lat' dir='ltr'>Venere</span> <span class='ocrx_word' id='word_1_153' title='bbox 853 2982 1048 3086; x_wconf 81' lang='lat' dir='ltr'>constitute</span> <span class='ocrx_word' id='word_1_154' title='bbox 1073 2975 1158 3086; x_wconf 74' lang='lat' dir='ltr'>viſse</span> <span class='ocrx_word' id='word_1_155' title='bbox 1172 2975 1382 3084; x_wconf 80' lang='lat' dir='ltr'>describere.</span> 
     </span>
    </p>
   </div>
   <div class='ocr_carea' id='block_1_7' title="bbox 128 3177 1500 4580">
    <p class='ocr_par' dir='ltr' id='par_1_9' title="bbox 128 3177 1498 4024">
     <span class='ocr_line' id='line_1_22' title="bbox 211 3177 1495 3292; baseline -0.003 -26"><span class='ocrx_word' id='word_1_156' title='bbox 211 3185 255 3266; x_wconf 84' lang='lat' dir='ltr'>N</span> <span class='ocrx_word' id='word_1_157' title='bbox 286 3187 440 3270; x_wconf 88' lang='lat' dir='ltr'>Venere</span> <span class='ocrx_word' id='word_1_158' title='bbox 471 3185 540 3271; x_wconf 88' lang='lat' dir='ltr'>Sol</span> <span class='ocrx_word' id='word_1_159' title='bbox 570 3184 597 3268; x_wconf 85' lang='lat' dir='ltr'>d</span> <span class='ocrx_word' id='word_1_160' title='bbox 649 3187 691 3270; x_wconf 94' lang='lat' dir='ltr'>lo</span> <span class='ocrx_word' id='word_1_161' title='bbox 714 3187 795 3270; x_wconf 91' lang='lat' dir='ltr'>sere</span> <span class='ocrx_word' id='word_1_162' title='bbox 816 3189 965 3270; x_wconf 87' lang='lat' dir='ltr'>minore</span> <span class='ocrx_word' id='word_1_163' title='bbox 985 3183 1174 3268; x_wconf 87' lang='lat' dir='ltr'>diametro</span> <span class='ocrx_word' id='word_1_164' title='bbox 1202 3206 1357 3292; x_wconf 84' lang='lat' dir='ltr'>apparet</span> <span class='ocrx_word' id='word_1_165' title='bbox 1380 3177 1495 3288; x_wconf 82' lang='lat' dir='ltr'>quim</span> 
     </span>
     <span class='ocr_line' id='line_1_23' title="bbox 167 3284 1496 3404; baseline -0.005 -31"><span class='ocrx_word' id='word_1_166' title='bbox 167 3297 171 3306; x_wconf 86' lang='lat'>&#39;</span> <span class='ocrx_word' id='word_1_167' title='bbox 231 3293 271 3372; x_wconf 92' lang='lat' dir='ltr'>in</span> <span class='ocrx_word' id='word_1_168' title='bbox 292 3296 522 3392; x_wconf 82' lang='lat' dir='ltr'>Mercurio,</span> <span class='ocrx_word' id='word_1_169' title='bbox 559 3298 600 3376; x_wconf 73' lang='grc' dir='ltr'>δι</span> <span class='ocrx_word' id='word_1_170' title='bbox 639 3293 791 3404; x_wconf 89' lang='lat' dir='ltr'>escuplo</span> <span class='ocrx_word' id='word_1_171' title='bbox 812 3295 957 3397; x_wconf 86' lang='lat' dir='ltr'>majore</span> <span class='ocrx_word' id='word_1_172' title='bbox 983 3291 1098 3402; x_wconf 78' lang='lat' dir='ltr'>quim</span> <span class='ocrx_word' id='word_1_173' title='bbox 1122 3292 1145 3373; x_wconf 77' lang='grc' dir='ltr'>ὲ</span> <span class='ocrx_word' id='word_1_174' title='bbox 1166 3296 1297 3372; x_wconf 85' lang='lat' dir='ltr'>Terra.</span> <span class='ocrx_word' id='word_1_175' title='bbox 1375 3284 1496 3368; x_wconf 91' lang='lat' dir='ltr'>Unde</span> 
     </span>
     <span class='ocr_line' id='line_1_24' title="bbox 168 3393 1497 3512; baseline -0.004 -31"><span class='ocrx_word' id='word_1_176' title='bbox 168 3399 269 3482; x_wconf 87' lang='lat' dir='ltr'>Solis</span> <span class='ocrx_word' id='word_1_177' title='bbox 305 3397 425 3484; x_wconf 86' lang='lat' dir='ltr'>discus</span> <span class='ocrx_word' id='word_1_178' title='bbox 455 3404 611 3486; x_wconf 88' lang='lat' dir='ltr'>Venere</span> <span class='ocrx_word' id='word_1_179' title='bbox 638 3403 723 3511; x_wconf 89' lang='lat' dir='ltr'>plus</span> <span class='ocrx_word' id='word_1_180' title='bbox 752 3402 875 3512; x_wconf 90' lang='lat' dir='ltr'>duplo</span> <span class='ocrx_word' id='word_1_181' title='bbox 897 3402 1020 3503; x_wconf 73' lang='lat' dir='ltr'>maior</span> <span class='ocrx_word' id='word_1_182' title='bbox 1042 3397 1156 3509; x_wconf 75' lang='lat' dir='ltr'>quim</span> <span class='ocrx_word' id='word_1_183' title='bbox 1180 3397 1331 3492; x_wconf 86' lang='lat' dir='ltr'>nobis,</span> <span class='ocrx_word' id='word_1_184' title='bbox 1371 3393 1497 3476; x_wconf 84' lang='lat' dir='ltr'>fimul·</span> 
     </span>
     <span class='ocr_line' id='line_1_25' title="bbox 166 3504 1497 3699; baseline -0.005 -109"><span class='ocrx_word' id='word_1_185' title='bbox 166 3517 245 3699; x_wconf 61' lang='lat' dir='ltr'>&#39;pue</span> <span class='ocrx_word' id='word_1_186' title='bbox 281 3511 366 3592; x_wconf 84' lang='lat' dir='ltr'>Lux</span> <span class='ocrx_word' id='word_1_187' title='bbox 391 3569 403 3608; x_wconf 88' lang='lat'>,</span> <span class='ocrx_word' id='word_1_188' title='bbox 454 3509 577 3594; x_wconf 77' lang='lat' dir='ltr'>Calor</span> <span class='ocrx_word' id='word_1_189' title='bbox 611 3506 864 3621; x_wconf 79' lang='lat' dir='ltr'>Gravitasque</span> <span class='ocrx_word' id='word_1_190' title='bbox 886 3508 1128 3590; x_wconf 79' lang='lat' dir='ltr'>acceleratrix</span> <span class='ocrx_word' id='word_1_191' title='bbox 1149 3504 1198 3587; x_wconf 87' lang='lat' dir='ltr'>ad</span> <span class='ocrx_word' id='word_1_192' title='bbox 1220 3505 1350 3588; x_wconf 87' lang='lat' dir='ltr'>Solem</span> <span class='ocrx_word' id='word_1_193' title='bbox 1372 3504 1412 3585; x_wconf 93' lang='lat' dir='ltr'>in</span> <span class='ocrx_word' id='word_1_194' title='bbox 1434 3529 1497 3584; x_wconf 81' lang='lat' dir='ltr'>et-</span> 
     </span>
     <span class='ocr_line' id='line_1_26' title="bbox 199 3642 1495 3846; baseline -0.009 -37"><span class='ocrx_word' id='word_1_195' title='bbox 199 3642 702 3839; x_wconf 46' lang='lat' dir='ltr'>thppepleeraiupprppsr.est</span> <span class='ocrx_word' id='word_1_196' title='bbox 733 3725 842 3831; x_wconf 86' lang='lat' dir='ltr'>(ejus</span> <span class='ocrx_word' id='word_1_197' title='bbox 866 3745 1006 3834; x_wconf 86' lang='lat' dir='ltr'>nempe</span> <span class='ocrx_word' id='word_1_198' title='bbox 1027 3725 1126 3805; x_wconf 80' lang='lat' dir='ltr'>circ&#39;a</span> <span class='ocrx_word' id='word_1_199' title='bbox 1149 3723 1278 3805; x_wconf 86' lang='lat' dir='ltr'>Solem</span> <span class='ocrx_word' id='word_1_200' title='bbox 1299 3718 1495 3846; x_wconf 76' lang='lat' dir='ltr'>periodus)</span> 
     </span>
     <span class='ocr_line' id='line_1_27' title="bbox 173 3828 1498 3944; baseline -0.005 -31"><span class='ocrx_word' id='word_1_201' title='bbox 173 3833 386 3915; x_wconf 83' lang='lat' dir='ltr'>nostrorum</span> <span class='ocrx_word' id='word_1_202' title='bbox 416 3831 597 3915; x_wconf 79' lang='lat' dir='ltr'>mensium</span> <span class='ocrx_word' id='word_1_203' title='bbox 625 3831 767 3944; x_wconf 90' lang='lat' dir='ltr'>septem</span> <span class='ocrx_word' id='word_1_204' title='bbox 796 3858 883 3914; x_wconf 91' lang='lat' dir='ltr'>curn</span> <span class='ocrx_word' id='word_1_205' title='bbox 914 3830 1075 3914; x_wconf 90' lang='lat' dir='ltr'>dimidio</span> <span class='ocrx_word' id='word_1_206' title='bbox 1104 3831 1257 3940; x_wconf 74' lang='lat' dir='ltr'>equalis</span> <span class='ocrx_word' id='word_1_207' title='bbox 1278 3829 1362 3909; x_wconf 87' lang='lat' dir='ltr'>est:</span> <span class='ocrx_word' id='word_1_208' title='bbox 1402 3828 1498 3911; x_wconf 86' lang='lat' dir='ltr'>Dres</span> 
     </span>
     <span class='ocr_line' id='line_1_28' title="bbox 128 3935 1311 4024; baseline -0.003 -4"><span class='ocrx_word' id='word_1_209' title='bbox 128 3979 132 3988; x_wconf 89' lang='lat'><strong>·</strong></span> <span class='ocrx_word' id='word_1_210' title='bbox 169 3937 272 4023; x_wconf 80' lang='lat' dir='ltr'>verd</span> <span class='ocrx_word' id='word_1_211' title='bbox 294 3941 333 4022; x_wconf 88' lang='lat' dir='ltr'>in</span> <span class='ocrx_word' id='word_1_212' title='bbox 356 3944 510 4024; x_wconf 87' lang='lat' dir='ltr'>Venere</span> <span class='ocrx_word' id='word_1_213' title='bbox 532 3940 597 4023; x_wconf 91' lang='lat' dir='ltr'>die</span> <span class='ocrx_word' id='word_1_214' title='bbox 619 3942 749 4024; x_wconf 86' lang='lat' dir='ltr'>noslro</span> <span class='ocrx_word' id='word_1_215' title='bbox 770 3941 898 4024; x_wconf 89' lang='lat' dir='ltr'>minor</span> <span class='ocrx_word' id='word_1_216' title='bbox 917 3941 971 4022; x_wconf 89' lang='lat' dir='ltr'>est</span> <span class='ocrx_word' id='word_1_217' title='bbox 990 3937 1066 4023; x_wconf 81' lang='lat' dir='ltr'>und</span> <span class='ocrx_word' id='word_1_218' title='bbox 1087 3935 1166 4019; x_wconf 90' lang='lat' dir='ltr'>fere</span> <span class='ocrx_word' id='word_1_219' title='bbox 1187 3935 1311 4021; x_wconf 74' lang='lat' dir='ltr'>Hori.</span> 
     </span>
    </p>

    <p class='ocr_par' dir='ltr' id='par_1_10' title="bbox 164 4045 1500 4580">
     <span class='ocr_line' id='line_1_29' title="bbox 228 4045 1500 4178; baseline -0.004 -50"><span class='ocrx_word' id='word_1_220' title='bbox 228 4050 360 4129; x_wconf 87' lang='lat' dir='ltr'>Venus</span> <span class='ocrx_word' id='word_1_221' title='bbox 390 4072 558 4157; x_wconf 90' lang='lat' dir='ltr'>quatuor</span> <span class='ocrx_word' id='word_1_222' title='bbox 588 4051 708 4132; x_wconf 86' lang='lat' dir='ltr'>cernit</span> <span class='ocrx_word' id='word_1_223' title='bbox 739 4048 917 4132; x_wconf 67' lang='lat' dir='ltr'>Planctus</span> <span class='ocrx_word' id='word_1_224' title='bbox 941 4045 1185 4158; x_wconf 81' lang='lat' dir='ltr'>superiores,</span> <span class='ocrx_word' id='word_1_225' title='bbox 1225 4046 1390 4178; x_wconf 65' lang='lat' dir='ltr'>prorum</span> <span class='ocrx_word' id='word_1_226' title='bbox 1410 4068 1500 4149; x_wconf 90' lang='lat' dir='ltr'>pro·</span> 
     </span>
     <span class='ocr_line' id='line_1_30' title="bbox 174 4151 1500 4263; baseline -0.005 -25"><span class='ocrx_word' id='word_1_227' title='bbox 174 4155 268 4238; x_wconf 89' lang='lat' dir='ltr'>inde</span> <span class='ocrx_word' id='word_1_228' title='bbox 296 4154 543 4263; x_wconf 83' lang='lat' dir='ltr'>phaenomena</span> <span class='ocrx_word' id='word_1_229' title='bbox 576 4154 707 4239; x_wconf 69' lang='lat' dir='ltr'>smilis</span> <span class='ocrx_word' id='word_1_230' title='bbox 738 4152 821 4240; x_wconf 88' lang='lat' dir='ltr'>sunt</span> <span class='ocrx_word' id='word_1_231' title='bbox 842 4156 915 4236; x_wconf 91' lang='lat' dir='ltr'>illis</span> <span class='ocrx_word' id='word_1_232' title='bbox 937 4158 1105 4251; x_wconf 86' lang='lat' dir='ltr'>Martis,</span> <span class='ocrx_word' id='word_1_233' title='bbox 1154 4156 1264 4263; x_wconf 82' lang='lat' dir='ltr'>Juvts</span> <span class='ocrx_word' id='word_1_234' title='bbox 1299 4155 1340 4234; x_wconf 76' lang='lat' dir='ltr'>u</span> <span class='ocrx_word' id='word_1_235' title='bbox 1371 4151 1500 4232; x_wconf 77' lang='lat' dir='ltr'>Sutur-</span> 
     </span>
     <span class='ocr_line' id='line_1_31' title="bbox 174 4260 1499 4359; baseline -0.004 -15"><span class='ocrx_word' id='word_1_236' title='bbox 174 4265 214 4344; x_wconf 92' lang='lat' dir='ltr'>ni</span> <span class='ocrx_word' id='word_1_237' title='bbox 244 4261 267 4346; x_wconf 80' lang='grc' dir='ltr'>ὲ</span> <span class='ocrx_word' id='word_1_238' title='bbox 297 4266 450 4359; x_wconf 87' lang='lat' dir='ltr'>Terra,</span> <span class='ocrx_word' id='word_1_239' title='bbox 498 4267 725 4348; x_wconf 88' lang='lat' dir='ltr'>omniumve</span> <span class='ocrx_word' id='word_1_240' title='bbox 761 4261 999 4347; x_wconf 74' lang='lat' dir='ltr'>euercuno</span> <span class='ocrx_word' id='word_1_241' title='bbox 1034 4260 1134 4347; x_wconf 82' lang='lat' dir='ltr'>visrs.</span> <span class='ocrx_word' id='word_1_242' title='bbox 1211 4260 1342 4345; x_wconf 82' lang='lat' dir='ltr'>Tellus</span> <span class='ocrx_word' id='word_1_243' title='bbox 1369 4281 1499 4342; x_wconf 78' lang='lat' dir='ltr'>autem</span> 
     </span>
     <span class='ocr_line' id='line_1_32' title="bbox 173 4368 1499 4566; baseline -0.001 -110"><span class='ocrx_word' id='word_1_244' title='bbox 173 4371 302 4457; x_wconf 74' lang='lat' dir='ltr'>bostra</span> <span class='ocrx_word' id='word_1_245' title='bbox 341 4371 382 4455; x_wconf 82' lang='lat' dir='ltr'>in</span> <span class='ocrx_word' id='word_1_246' title='bbox 414 4370 516 4457; x_wconf 73' lang='lat' dir='ltr'>Solu</span> <span class='ocrx_word' id='word_1_247' title='bbox 565 4369 746 4488; x_wconf 78' lang='lat' dir='ltr'>oppofito</span> <span class='ocrx_word' id='word_1_248' title='bbox 783 4368 905 4566; x_wconf 68' lang='grc' dir='ltr'><strong>νίίπΝ,</strong></span> <span class='ocrx_word' id='word_1_249' title='bbox 955 4375 999 4454; x_wconf 74' lang='lat' dir='ltr'>ec</span> <span class='ocrx_word' id='word_1_250' title='bbox 1041 4387 1225 4484; x_wconf 71' lang='lat' dir='ltr'>pernox,</span> <span class='ocrx_word' id='word_1_251' title='bbox 1274 4371 1499 4558; x_wconf 55' lang='lat' dir='ltr'>mdrper</span> 
     </span>
     <span class='ocr_line' id='line_1_33' title="bbox 164 4495 1498 4580; baseline 0.003 -31"><span class='ocrx_word' id='word_1_252' title='bbox 164 4521 169 4533; x_wconf 82' lang='lat'><em>‚</em></span> <span class='ocrx_word' id='word_1_253' title='bbox 370 4543 373 4550; x_wconf 89' lang='lat'>.</span> <span class='ocrx_word' id='word_1_254' title='bbox 906 4508 934 4566; x_wconf 82' lang='lat' dir='ltr'>n</span> <span class='ocrx_word' id='word_1_255' title='bbox 961 4495 985 4570; x_wconf 87' lang='lat'><strong>2</strong></span> <span class='ocrx_word' id='word_1_256' title='bbox 1430 4497 1498 4580; x_wconf 84' lang='lat' dir='ltr'>op.</span> 
     </span>
    </p>
   </div>
   <div class='ocr_carea' id='block_1_8' title="bbox 0 0 2170 5686">
    <p class='ocr_par' dir='ltr' id='par_1_11' title="bbox 0 0 2170 5686">
     <span class='ocr_line' id='line_1_34' title="bbox 0 0 2170 5686; baseline 0 0"><span class='ocrx_word' id='word_1_257' title='bbox 0 0 2170 5686; x_wconf 95' lang='lat' dir='ltr'> </span> 
     </span>
    </p>
   </div>
  </div>
 </body>
</html>
