4376 5694
269 611 314 690 θ’
340 603 734 689 ΟΕΟΜΕΤΚῙΜ
766 609 799 685 E
813 608 1109 688 LEMENTA.
1141 611 1244 689 zu.
1280 611 1354 692 IV.
1431 633 1506 712 535¹

196 752 286 822 mm
320 737 474 852 inquo
511 763 673 851 apparet
708 745 835 826 Terra
873 739 1166 827 semidiameter
1198 740 1248 825 ad
1280 727 1574 865 distantiamfl}
1590 731 1689 784 ω’·
1809 743 1830 770 ”

196 849 303 936 Solis
343 855 384 934 &
427 855 578 952 Terra,
622 853 702 939 hoc
739 858 832 966 est‚-
854 855 945 940 ⁴¹fere
977 855 1028 938 ad
1071 855 1286 962 distantiam
1320 855 1496 940 Solis&
1564 827 1598 886 '²'
1617 820 1646 878 t·

197 961 371 1072 Lunae‚)
396 968 436 1046 &
456 966 624 1077 ‘angulus
647 993 717 1051 te
737 995 770 1051 m
804 973 857 1055 est
878 968 981 1051 Solis
1008 973 1049 1050 ilc
1082 971 1200 1052 Lunae
1227 969 1415 1070 Distantia
1446 995 1495 1052 ex

196 1079 485 1162 centro‘Terrae
513 1074 606 1164 visa.
664 1083 716 1166 Et
745 1083 861 1194 igitur
883 1082 1047 1192 angulus
1071 1107 1099 1164 r
1116 1107 1146 1163 m
1161 1107 1190 1164 v
1216 1105 1388 1194 equatur
1407 1077 1495 1162 Dis-

190 1188 322 1272 tantiae
349 1190 451 1276 Solis
486 1196 526 1274 &
555 1193 672 1277 Luna
705 1223 754 1278 ex
788 1203 914 1280 Terrae
942 1221 1077 1279 centro
1106 1187 1192 1279 visae
1226 1199 1266 1277 &
1303 1195 1406 1281 Solis
1424 1197 1493 1278 Pa·

191 1299 327 1386 rallaxi
357 1303 593 1390 horizontali
627 1305 736 1391 simul
765 1302 933 1422 sumptio

250 1413 481 1529 Eodemque
525 1417 649 1511 modo
688 1417 715 1502 s1
742 1447 861 1507 arcus,
892 1445 967 1506 uu
1001 1417 1046 1503 fit
1074 1412 1249 1516 semilis,
1275 1415 1501 1536 sesquialter¹

191 1551 259 1612 aut
300 1527 442 1642 duplus
476 1530 680 1614 Parallaxis
716 1533 835 1618 Lunae
880 1533 1175 1624 horizontalist
1224 1536 1296 1616 erit
1329 1532 1492 1644 angulus

191 1665 220 1722 τ
209 1661 330 1842 dirui:
358 1643 523 1842 §plump
557 1669 674 1778 urm
700 1649 746 1842 fit
775 1638 1155 1871 scepillifiblesquiplae
1182 1669 1249 1734 aut
1273 1645 1401 1758 duplae
1423 1649 1492 1732 Pa·
1624 1731 1628 1738 .

187 1778 210 1837 t
431 1781 743 1843 uortzonta.
1200 1785 1205 1792 ·
1468 1781 1575 1818 -·

459 1945 1007 2036 PROPOSITIO
1065 1947 1219 2034 ΧΗ.
1354 2023 1359 2032 .

189 2129 299 2216 Nm
329 2133 413 2218 datr·
445 2131 588 2245 Metfis
613 2133 870 2220 Novitatem
890 2139 1067 2250 fleturum
1075 2139 1130 2246 stt
1148 2137 1397 2252 Ecliptr'cma
1422 2132 1490 2218 bot

242 2247 315 2352 est,
349 2275 438 2330 nam
475 2254 519 2328 itt
556 2249 724 2360 qualibet
765 2247 880 2335 Terra
910 2277 1022 2363 parte
1066 2250 1134 2335 Sol
1161 2251 1383 2365 partialiter
1420 2271 1489 2330 aar

238 2363 409 2443 »neuter
446 2361 592 2470 deficere
629 2361 848 2453 videbitur,
894 2367 1171 2460 determinaret
1213 2360 1260 2458 ά
1285 2361 1325 2470 fi
1347 2360 1492 2473 futura.

238 2471 293 2579 ss
322 2470 498 2587 Eclipfis.
536 2483 612 2582 tjtta
643 2471 808 2590 Specietir
831 2477 993 2588 definire.

189 2691 195 2744 τ
306 2661 438 2750 Eferat
470 2689 544 2749 uc
566 2695 595 2752 o
642 2667 866 2769 Tellurem,
905 2668 947 2754 in
989 2695 1068 2784 qua
1103 2669 1192 2756 Poli
1228 2664 1488 2755 revolutionIs
1519 2695 1617 2778 repa.
1753 2637 1763 2660 ⁶

158 2839 165 2854 ·
314 2779 460 2866 diurnae
489 2775 575 2864 sunt
608 2805 630 2862 r
669 2785 933 2894 punctumque
961 2785 1050 2867 huic
1082 2783 1304 2897 oppofitum
1339 2783 1479 2866 latens.

184 2887 499 3006 Hemisphaerium
528 2892 570 2975 iu
610 2892 817 2979 Schemate
853 2892 1102 3009 conspicuum
1152 2895 1257 2980 idem
1300 2893 1345 2979 stt
1392 2919 1484 2978 cum

181 3009 257 3094 illo
292 3003 317 3092 ὲ
350 3005 445 3092 Sole
481 3005 707 3097 illustrator
749 3006 934 3122 adeoque
974 3035 1002 3092 u
1025 3035 1051 3091 c
1074 3041 1103 3094 o
1142 3009 1335 3112 circulus,
1378 3009 1486 3112 cujus

180 3147 360 3208 centrum
398 3143 451 3220 τ,
489 3113 804 3229 Hemispluaetium
839 3121 1097 3236 illuminatum
1134 3121 1189 3207 ab
1220 3115 1387 3206 obscuro
1428 3109 1487 3202 cli·

180 3233 432 3330 staminum,
460 3233 567 3336 cujus
605 3232 764 3342 planum
794 3235 850 3321 est
888 3237 1013 3319 Terra
1045 3231 1196 3321 Discus.
1255 3236 1301 3317 In
1327 3235 1487 3345 planum

183 3345 287 3436 Disci
320 3345 486 3434 Telluris
519 3368 548 3427 Ι)
565 3369 591 3426 c
610 3370 637 3426 o
667 3370 832 3458 excepta
871 3349 1109 3462 intelligatur
1136 3347 1293 3432 Umbra
1330 3341 1487 3458 Lunai

112 3457 115 3465 ’
184 3461 281 3550 Sole
311 3457 437 3544 saera:
466 3457 540 3546 erit
571 3457 652 3540 hac
694 3455 743 3542 fic
771 3483 935 3571 excepta
970 3459 1096 3574 sormi
1138 3457 1341 3556 circulari,
1392 3481 1488 3569 puta

181 3599 215 3662 m
233 3601 294 3673 m,
323 3577 431 3676 eujus
463 3593 639 3656 centrum
659 3599 716 3662 vt
744 3572 837 3685 quia
864 3600 987 3658 conus
1019 3568 1297 3688 penumbrosus
1321 3569 1376 3657 est
1408 3597 1488 3655 rec·

184 3713 282 3787 tus,
312 3685 469 3801 ejusque
498 3684 579 3780 axis
607 3684 660 3768 ad
695 3685 855 3796 planum
887 3680 996 3770 Disci'
1018 3683 1344 3801 perpendicularis
1382 3680 1486 3767 feret

181 3828 279 3888 mam
305 3799 356 3887 de
383 3793 469 3886 casu
496 3823 580 3912 quo
611 3824 640 3882 v
669 3795 693 3882 i
717 3825 744 3881 τ
789 3825 871 3883 non
898 3797 1063 3883 multum
1090 3799 1202 3884 distat
1226 3827 1300 3882 nos
1336 3818 1488 3879 tantum

187 3912 411 4030 loquimur,
454 3940 543 3998 cum
563 3911 604 3994 in
644 3910 723 3996 hoc
748 3905 832 3995 solo
865 3915 982 3996 Luna
1008 3913 1166 3996 Umbra
1189 3917 1347 3996 Terram
1362 3908 1490 3994 attiti-

150 4068 154 4076 ·
187 4055 283 4144 gere
322 4025 460 4142 possut
495 4025 573 4108 hoc
601 4023 691 4121 est,
717 4025 819 4109 Solis
838 4025 1015 4138 aliqualis
1039 4023 1196 4136 Eclipfis
1213 4022 1308 4109 fieri.
1356 4023 1400 4104 In
1419 4022 1490 4104 hu·

188 4144 249 4248 jus
282 4165 420 4226 centro
440 4139 616 4224 circellus
641 4139 694 4222 est
723 4137 898 4224 totaliter
931 4132 1167 4235 umbrosus,
1201 4134 1228 4220 fi
1255 4139 1371 4220 Luna
1390 4137 1491 4220 Um·

190 4256 263 4338 bra
293 4255 424 4340 totalis
456 4249 652 4363 hucusque
678 4253 916 4364 porrigitur:
971 4251 1123 4364 reliqua
1152 4249 1396 4335 circumcirca
1423 4271 1492 4330 co·

188 4395 290 4454 rona
316 4367 370 4450 est
398 4392 499 4478 pene
539 4357 757 4466 umbrosa,
796 4367 903 4472 cujus
933 4367 1079 4477 partes'
1107 4363 1267 4450 circello
1308 4359 1491 4474 praediolo

188 4482 393 4595 propiores
433 4473 672 4563 obscuriores
705 4473 790 4565 sunt
819 4535 841 4578 .,
897 4479 965 4590 p'et
998 4483 1115 4590 Prop.
1152 4503 1322 4562 xxx1v.
1382 4479 1493 4558 Patet

192 4595 339 4708 quod,
362 4592 394 4680 fi
416 4593 638 4681 Peuumbra
671 4595 870 4684 Tellurem
879 4617 990 4791 cpou
1023 4593 1192 4704 tangat,
1231 4591 1338 4680 nulla
1364 4583 1495 4782 sumpta

876 4759 879 4766 ,
944 4719 969 4796 2
1066 4753 1072 4768 .
1436 4725 1458 4782 e
