4322 5686
251 579 293 664 'e
316 577 716 662 oeonerrtrca·
738 583 1078 663 rennuunt.
1105 589 1261 670 mur.
1358 593 1430 685 'ru

109 715 232 807 mario
256 779 271 820 ,
313 717 382 832 qui
417 715 519 805 Solis
552 722 681 807 lumen
712 743 892 832 potenter
920 723 1019 809 adeo
1048 725 1276 840 fortiterque
1304 736 1433 816 remit-

48 879 52 888 ·
108 833 190 929 tit,
232 851 277 914 ut
313 827 412 913 tubo
446 839 503 917 60
542 828 659 944 pedes
689 831 811 944 longo
850 835 917 916 vix
953 836 1097 947 aliquid
1132 840 1287 920 maculae
1315 837 1433 926 simile

107 939 280 1053 potuerit
321 931 518 1046 Hugenius
555 941 595 1024 in
640 969 690 1026 eo
726 940 1060 1035 animadverterer
1105 947 1215 1059 quod
1251 947 1366 1031 eriam
1394 953 1433 1033 in
1499 1041 1502 1046 ,

106 1045 217 1133 causa
249 1047 304 1131 est
336 1073 404 1132 cur
438 1045 577 1162 positio
605 1051 719 1147 axis,
766 1053 865 1134 circa
892 1079 1008 1163 quem
1038 1081 1148 1137 motu
1176 1056 1314 1138 diurno
1342 1087 1435 1142 con-

105 1158 307 1241 vertitur,
365 1184 446 1240 non
481 1155 525 1240 stt
561 1155 731 1242 definita.
817 1165 964 1244 Verum
999 1163 1192 1246 diverfitas
1229 1165 1307 1248 hec
1337 1170 1434 1252 inter

103 1271 298 1352 Venerem
336 1261 492 1372 ejusque
527 1269 727 1354 Comitem
770 1269 906 1350 exhinc
935 1267 1036 1355 sorte
1064 1275 1286 1382 provenit,
1354 1275 1435 1360 uod

104 1401 188 1458 non
215 1371 354 1459 solidus
384 1378 545 1460 Veneris
566 1373 743 1569 plobus,
784 1372 847 1460 sed
872 1379 926 1460 ilii
948 1376 1170 1463 circrunfusa
1193 1305 1434 1493 nemosihae-

103 1510 148 1568 ra
184 1482 336 1568 denfior
373 1485 565 1595 vaporibu
580 1512 657 1596 que
695 1485 869 1582 referta,
912 1486 1039 1572 lumen
1074 1489 1174 1571 Solis
1203 1489 1252 1572 ad
1279 1519 1350 1574 nos
1377 1521 1436 1575 re-

103 1593 337 1704 percutiat,
381 1593 505 1700 qualis
539 1618 668 1678 tamen
704 1595 854 1680 Comiti
890 1599 969 1699 ejus
999 1625 1078 1678 non
1106 1597 1434 1700 circumfunditur,

104 1701 201 1786 ficut
226 1727 299 1787 nec
327 1704 443 1786 Lunae
471 1703 606 1786 nostrae
625 1723 651 1800 ,·
679 1699 791 1786 densa
821 1705 912 1786 licet
939 1701 1024 1789 satis
1052 1703 1202 1790 Annos
1219 1707 1352 1805 haera,
1394 1713 1434 1790 de

102 1809 263 1896 nebulas
290 1811 434 1896 vehens
461 1869 474 1910 ,
515 1817 641 1896 Terrae
670 1809 1032 1912 circumfundatur,
1075 1841 1162 1926 quae
1190 1733 1286 1898 sanc
1314 1815 1436 1918 eVe-

101 1947 198 2004 nere
236 1917 430 2032 aspicienti
466 1949 566 2034 agre
601 1921 837 2032 permitteret
878 1926 1080 2006 Terrarum
1108 1925 1352 2034 Mariumque
1379 1925 1436 2007 di-

100 2029 343 2115 stinoionem
369 2031 592 2140 percipere,
629 2024 694 2112 sed
723 2028 946 2140 aequabilem
978 2031 1057 2114 fere
1081 2033 1160 2136 ejus
1185 2029 1435 2142 superficiem,

103 2144 146 2222 dc
177 2138 320 2222 luceae
351 2137 486 2220 ualiter
508 2134 694 2248 perfusam
723 2133 1036 2247 representaret,
1078 2141 1231 2252 qualern
1259 2169 1329 2224 nos
1357 2147 1436 2226 Ve-
1482 2239 1485 2250 4

102 2273 238 2330 netem
280 2166 469 2340 videmur,
553 2247 593 2328 Si
632 2249 824 2328 Venerem
870 2247 977 2330 Luna
1016 2273 1219 2333 comitetur
1248 2245 1349 2347 sua,
1393 2253 1436 2334 in

101 2351 290 2444 omnibus
318 2351 583 2436 sere'Planeta
609 2353 678 2436 iste
703 2352 849 2436 Telluri
867 2357 1001 2440 nostrae
1026 2355 1272 2456 assnnilatur',
1314 2355 1435 2550 dap?

102 2469 146 2546 δι
178 2459 285 2545 Anni
326 2465 365 2544 δι
402 2462 494 2546 Diei
521 2462 769 2573 quantitate,
812 2468 851 2546 δι
880 2465 1046 2550 Caloris'
1063 2467 1183 2582 gradu
1212 2467 1335 2552 minut

101 2571 182 2657 fert
208 2569 326 2687 quam
351 2570 446 2656 alter
474 2571 601 2684 quivis
629 2572 798 2654 Planeta.

1312 2679 1316 2686 ι

465 2830 947 2936 rnorosrrro
986 2831 1076 2934 ru.
1195 2897 1200 2909 .
1330 2787 1335 2798 ’

163 3053 406 3139 numm
435 3043 559 3135 octa
576 3057 628 3154 n,
645 3043 787 3134 Mam
806 3054 916 3163 posteo
942 3049 1027 3158 vau
1051 3052 1097 3132 ae
1111 3047 1260 3132 cruere.

164 3263 218 3344 Ol
255 3260 278 3344 ὲ
312 3264 441 3343 Marte
476 3253 646 3369 sescuplo
682 3259 831 3342 minore
857 3255 1047 3342 diametro
1085 3279 1242 3366 apparet
1269 3252 1440 3368 quami:

192 3375 350 3458 Terra;
390 3373 430 3451 δε
473 3365 637 3478 proinde
674 3364 797 3476 duplo
833 3367 1021 3448 minorem
1049 3363 1089 3445 in
1118 3364 1252 3444 Martis
1280 3362 1439 3474 regione

102 3479 280 3590 impertit
319 3475 445 3560 lucem
483 3481 523 3558 de
569 3473 737 3557 calorem
776 3468 892 3578 quim
922 3473 1035 3555 nobis
1061 3470 1295 3586 Tetricolin
1361 3468 1438 3554 Sed

102 3585 220 3684 haec,
250 3608 413 3696 propter
428 3609 606 3695 magnam
633 3582 779 3666 Orbitae
805 3581 940 3664 Martis
962 3580 1328 3674 Exccntricitatem,
1356 3605 1438 3661 mu·
1464 3641 1467 3650 .

102 3717 237 3780 tantur
264 3687 518 3790 senstbiliter,
557 3690 647 3775 sicet
679 3719 758 3812 non
782 3714 930 3774 tanturn
959 3690 1136 3806 apqueirr
1161 3687 1369 3772 Mercurio.

165 3877 301 3960 Martis
322 3875 467 3958 Annus
493 3875 592 3958 binis
620 3871 698 3956 fere
718 3873 752 3957 'e
778 3873 914 3958 nostris
939 3873 993 3957 est
1081 3871 1206 3960 ualist
1242 3871 1345 3954 ¹Dies
1371 3895 1439 3952 ve·

105 3985 155 4070 ro
184 3985 364 4066 naturalis
391 3984 525 4067 nostro
546 3983 746 4109 paululum
772 3983 929 4088 majore
971 3979 1058 4064 Arri
1087 3981 1190 4064 oialis
1218 4007 1315 4064 vero
1343 3975 1439 4075 dier,

106 4120 197 4206 quo
226 4089 295 4174 Sol
322 4085 430 4200 supra
457 4091 714 4174 Honzontem
742 4089 882 4189 lucet,
979 4117 1088 4174 taeter
1115 4083 1347 4198 Crepuscuia
1374 4109 1441 4168 ao-

106 4227 150 4284 te
188 4199 291 4282 Solis
325 4221 490 4294 ortum,
539 4201 580 4280 δι
617 4199 703 4307 post
740 4199 820 4303 ejus
849 4117 1023 4282 occasdm
1079 4226 1125 4281 to
1155 4192 1355 4280 altitudine
1384 4219 1441 4274 at-

108 4303 334 4418 mosphaerae
371 4303 564 4404 diuturna,
594 4307 611 4401 )
637 4307 740 4390 nodi
795 4331 984 4419 perpetuo
1116 4309 1155 4388 dr
1188 4303 1332 4415 ubique
1361 4299 1441 4386 fere

108 4413 311 4528 aequalis,
340 4417 380 4496 dt
417 4411 509 4500 ideo
547 4439 668 4522 parva
709 4415 843 4504 aestatis
880 4411 1103 4527 hyemisque
1147 4407 1358 4502 discrimina
1400 4410 1441 4490 in

165 4517 638 4632 GregorrAstrmer
922 4529 1006 4608 Oo
1301 4517 1440 4606 eodem
