4346 5676
206 745 379 869 Tycbonis
411 777 524 842 vero·
544 751 720 840 eximiam
744 755 785 838 in
817 741 1063 840 observando
1079 758 1299 844 industriam
1336 763 1451 848 erices

177 867 206 950 it
231 871 371 977 Kepleri
398 863 664 978 sagacissimum
694 874 735 950 δι
762 896 863 978 pene
897 869 1075 951 divinum
1104 871 1311 982 ingenium.
1370 878 1448 956 Hic

175 979 325 1092 ycboni's
355 979 551 1064 laboribus
583 981 699 1064 fretus
720 983 889 1091 Systema
926 981 1066 1063 Mundi
1088 1011 1223 1066 verum
1253 991 1293 1068 dc
1323 987 1376 1068 Pb
1407 985 1430 1066 s
1432 1037 1449 1054 -

148 1121 238 1178 cum
262 1094 486 1191 adinvenit,
526 1121 571 1176 ac
597 1089 792 1176 scientiam
827 1095 1135 1178 Asttouomitam
1159 1097 1197 1178 in
1225 1016 1448 1182 irnmenliim

148 1207 284 1296 arraitr
321 1209 538 1290 Monstrato
571 1200 620 1288 sc.
651 1207 828 1290 Planeras
858 1233 994 1288 omnes
1023 1207 1063 1286 in
1091 1207 1217 1290 Planis
1247 1237 1315 1320 per
1345 1210 1471 1294 Solle

150 1344 323 1404 centrum
360 1315 639 1402 transeuntibus
672 1317 855 1414 revolvi,
897 1313 1126 1429 Curvasque
1162 1321 1357 1430 Ellipticas
1382 1321 1449 1402 de-

149 1427 336 1527 scribere,
362 1430 408 1514 ei
428 1432 514 1540 lege
532 1488 552 1526 ‚.
570 1453 613 1512 ut
638 1429 748 1514 areae
769 1433 969 1514 Seeorum
983 1429 1249 1538 Elliptitorum
1266 1491 1280 1529 ,
1297 1433 1346 1516 ad
1363 1459 1450 1515 cen·

151 1571 254 1629 trum
272 1545 373 1626 Solis
392 1544 430 1624 in
446 1537 631 1652 Ellipseos
648 1540 744 1629 soto
761 1543 986 1641 constituti,
1011 1545 1280 1654 temporibus,
1308 1544 1450 1655 quibus
1544 1612 1548 1637 ,

51 1725 57 1738 .
152 1653 413 1740 describantur
437 1683 582 1750 arcus,
620 1651 766 1764 semper
802 1654 1115 1790 proportionales
1152 1655 1235 1740 stnt.
1294 1649 1451 1738 Invenit

151 1769 269 1852 etiam
299 1767 504 1850 Distantias
530 1767 773 1850 Planetarum
806 1795 830 1848 a
854 1769 947 1850 Sole
975 1763 1048 1851 elle
1066 1769 1107 1849 in
1132 1763 1373 1879 sesquialtera
1395 1794 1452 1849 ra·

153 1883 262 1966 tione
291 1901 508 1991 temporum
538 1878 857 1990 periodicorum‚
900 1880 978 1963 srve
1015 1878 1156 1964 Cubos
1194 1881 1452 1962 distantiarum

153 1993 296 2080 esseut
319 1992 519 2102 Quadrata
552 1997 803 2103 Temporum.
862 1997 991 2075 Tanto
1015 2017 1143 2076 autem
1171 1993 1320 2076 Artifici
1343 1989 1452 2076 afful-

152 2105 234 2192 scre
258 2106 338 2188 duo
367 2107 566 2200 Cometae,
602 2131 769 2216 quorum
793 2103 891 2186 alter
917 2104 1080 2186 maxime·
1102 2106 1265 2188 illustris.
1305 2107 1362 2186 Ex
1381 2101 1452 2186 ho·
1541 2179 1544 2184 .
1642 2193 1647 2218 Ι

152 2247 240 2304 tum
262 2211 474 2300 observatis
495 2215 682 2298 conclusit
711 2210 891 2323 Kepltrus
917 2245 997 2300 non
1037 2244 1118 2302 uno
1150 2217 1350 2331 parallaxis
1383 2243 1454 2299 an-

152 2359 239 2416 uuae
261 2330 432 2428 indicio,
473 2329 662 2412 Cometas
697 2327 799 2412 inter
838 2329 965 2413 Orbes
991 2329 1230 2440 planetarum
1260 2329 1453 2413 liberrime

155 2437 463 2557 quaquaversum
495 2442 612 2526 serti,
670 2465 780 2523 motu
813 2441 971 2551 quidem
995 2468 1078 2523 non
1111 2444 1273 2526 multum
1297 2442 1321 2524 i
1344 2440 1454 2524 redii-

147 2560 263 2642 'lineo
286 2551 440 2638 diverso
465 2612 478 2652 ‚
520 2550 585 2636 sed
612 2581 730 2666 quem
746 2553 920 2638 nondtun
946 2552 1103 2638 definire
1132 2557 1253 2639 licuit.
1297 2556 1360 2638 Ac
1379 2549 1455 2631 He·

155 2673 306 2763 velius,
337 2663 512 2777 i'ycbonis
530 2669 709 2765 aemuluS,
735 2668 879 2775 Kepleri
901 2667 1066 2778 vestigiis
1084 2667 1265 2767 infistenS,
1290 2664 1454 2752 eandem

156 2780 416 2895 Hypothesuu
452 2783 587 2863 Motus
613 2778 796 2862 teciilinei
831 2781 1029 2891 amplexus
1053 2781 1139 2879 est,
1177 2779 1254 2891 ipse
1288 2778 1455 2892 plurium

157 2899 415 3000 Cometarum
447 2889 684 2976 Observator
726 2919 912 3003 perquam
947 2889 1105 2974 subtilis.
1137 2893 1285 3002 ¹Coelo
1323 2915 1456 2974 tamen

157 3007 367 3092 Calculum
383 3001 489 3089 suum
521 3021 603 3088 non
637 2997 787 3117 penitus
809 2994 1022 3088 consentire
1038 3005 1191 3196 (puellus
1215 3009 1267 3090 est
1281 3062 1296 3102 ,
1323 2998 1456 3086 Viam·
1562 3003 1567 3017 “

159 3147 241 3232 que
262 3114 659 3200 Cometicamversus
683 3119 815 3202 Solem
841 3117 1031 3200 incurvari
1064 3116 1230 3202 uboluit.

216 3228 391 3314 Tandem
406 3229 456 3312 de
471 3227 619 3314 summo
638 3229 761 3311 Coelo
783 3225 906 3338 lapsus
936 3231 989 3311 est
1008 3226 1247 3340 prodigiosus
1277 3231 1344 3313 ille
1372 3227 1456 3310 Co·

160 3355 268 3430 meta
294 3341 399 3442 Anni
424 3355 541 3434 1680.
565 3325 671 3452 quifi
689 3329 790 3423 Casu
821 3340 1124 3450 perpendiculari
1148 3343 1280 3424 Solem
1303 3365 1456 3450 petens,

162 3465 206 3542 δι
245 3455 385 3538 exinde
428 3455 509 3565 pati
548 3455 761 3536 velocitate
796 3449 984 3563 assurgens
1025 3480 1034 3531 ε
1071 3451 1146 3534 Hic
1177 3481 1244 3562 per
1288 3476 1457 3563 quatuor

162 3563 318 3654 Menses
341 3569 546 3650 continuos
573 3561 701 3661 visus,
727 3562 860 3676 insigni
877 3592 921 3648 ac
958 3566 1138 3674 peculiari
1163 3567 1368 3650 Curvitate
1388 3567 1461 3645 Or·

167 3685 258 3766 bitae
289 3681 340 3763 ad
371 3677 705 3790 investigationem
732 3682 866 3761 Motus
898 3679 1073 3760 Theoriae
1110 3707 1182 3789 prae
1217 3679 1360 3762 cacteris
1382 3675 1464 3758 ido·

168 3821 265 3878 neus
285 3819 400 3878 erat:
435 3791 623 3875 lullrustis
648 3813 777 3874 autem
807 3793 1032 3902 jampridem
1068 3792 1196 3900 Regiis
1227 3787 1463 3874 Observato-

169 3909 268 4002 riis,
296 3905 484 4012 Paristeifi
505 3909 544 3986 δι
572 3899 849 4008 Grenovicenst‚
877 3931 922 3986 ac
947 3905 1273 3986 Astronomorum
1301 3899 1465 3986 Clariffr·

172 4045 325 4101 morum
356 4045 451 4101 curae
487 4013 708 4112 commissis,
750 4015 890 4098 accidit
921 4041 964 4099 ut
988 4015 1096 4118 hujus
1126 4017 1302 4124 Cometa
1329 4017 1465 4098 Motus

172 4160 225 4241 ap
253 4157 382 4226 arens,
409 4154 596 4240 quantum
613 4123 738 4211 forsan
768 4128 994 4212 mortalibus
1013 4127 1069 4214 sas
1087 4130 1171 4228 est,
1196 4125 1466 4214 accuratissime

175 4242 202 4328 a
225 4157 355 4348 ἕψω
375 4247 412 4324 dt
434 4237 646 4343 Flaemssedio
668 4237 944 4324 observaretur.

234 4358 331 4436 Non
358 4355 479 4437 multo
503 4357 613 4466 post,
651 4352 743 4435 dum
767 4357 1061 4437 Geometrarum
1084 4357 1262 4466 Princeps
1287 4351 1468 4440 illustrilli·

174 4496 262 4554 mus
289 4463 501 4548 Matrinus
521 4494 678 4579 operam
698 4465 816 4550 dabat
832 4465 1035 4576 Principiis
1052 4467 1289 4578 Philosophia
1313 4465 1468 4549 Mame-

176 4585 347 4670 maritat
377 4605 460 4666 non
482 4577 604 4666 solum
632 4583 797 4668 Inventa
814 4573 966 4696 Keplrri
975 4582 1027 4755 pn
1060 4585 1270 4692 systemate
1295 4583 1468 4710 Planeta·

324 4717 329 4728 ·
1059 4715 1083 4796 3
1132 4745 1138 4760 ·
1410 4718 1468 4776 tto
