4322 5686
433 569 499 642 d

736 649 809 722 ero
931 567 1872 714 ΔΠΜΝΟΜΜῬΗΠΙΜ

733 775 855 862 tribus
882 769 1073 885 praedictis
1100 774 1282 856 Cometae
1307 764 1657 857 observationibus
1682 771 1974 881 respondeant,
2008 798 2054 858 ar

729 895 771 972 δι
801 888 1038 991 Traiectoria
1064 913 1134 997 per
1165 886 1232 968 illa
1259 882 1444 968 tranfiens
1475 887 1582 990 cujus
1609 884 1721 972 focus
1748 886 1852 970 idem
1886 887 1941 968 est
1958 915 2048 973 cum
2157 895 2158 918 ¹

733 1000 837 1088 Solis
857 1023 1040 1098 centros
1068 993 1224 1112 ejusque
1244 1024 1340 1080 areae
1367 996 1453 1082 duae
1484 997 1583 1083 inter
1608 998 1682 1086 tria
1706 1001 1813 1084 Loca
1845 993 2050 1086 observata

735 1141 806 1229 per
836 1137 980 1198 rectam
1005 1112 1057 1196 ad
1088 1116 1224 1197 Solem
1247 1109 1407 1212 duetam
1440 1107 1636 1226 descripta
1668 1139 1831 1224 quarum
1858 1114 1959 1196 ratio
1987 1140 2052 1197 ea

736 1229 829 1312 dem
870 1224 916 1308 srt
948 1253 1036 1309 cum
1071 1253 1117 1311 ea
1146 1251 1264 1340 quam
1296 1263 1320 1321 7
1347 1224 1468 1310 habet
1503 1225 1554 1310 ad
1589 1251 1637 1314 1:
1668 1229 1894 1313 Inveniatur
1932 1224 2053 1310 etiam

740 1347 913 1454 Tempus
945 1363 1073 1424 totum
1096 1379 1141 1438 v,
1159 1339 1271 1454 quod
1294 1340 1468 1424 Cometa
1496 1339 1536 1421 in
1564 1367 1727 1454 utraque
1751 1339 1862 1424 simui
1877 1340 1945 1422 ista
1961 1363 2053 1424 area

741 1483 812 1569 per
846 1475 993 1560 rectam
1020 1454 1071 1537 ad
1104 1454 1238 1540 Solem
1273 1451 1434 1537 ductam
1461 1447 1709 1538 describenda
1737 1451 1958 1542 insumeret.
2012 1455 2055 1538 si

742 1610 765 1650 v
779 1566 1089 1680 deprehendatur
1112 1566 1224 1680 ipfis
1251 1567 1401 1678 aequale
1409 1625 1424 1667 ,
1464 1573 1506 1650 δι
1537 1566 1651 1678 pipsr
1679 1594 1705 1652 c
1731 1571 1848 1652 etiam
1874 1570 2054 1678 aqualis,

743 1677 929 1792 allumpta
950 1683 1032 1765 haec
1041 1683 1162 1878 plani-
1181 1682 1424 1785 Traiectoriae
1455 1678 1598 1796 pofitio
1624 1682 1677 1765 est
1702 1707 1795 1766 vera
1817 1687 1857 1765 δι
1897 1681 1966 1796 ipsr
1993 1686 2054 1768 rei

745 1821 936 1905 congruae
963 1794 1015 1878 sur
1056 1823 1177 1892 ecus,
1205 1795 1279 1879 erit
1309 1822 1422 1880 τ-ε
1448 1798 1564 1878 Error
1586 1795 1627 1878 io
1657 1801 1853 1906 Tempore
1878 1821 1968 1881 roto
1994 1797 2052 1880 in.

646 1997 651 2006 ,
745 1933 805 1993 ter
832 1902 1157 1994 Observationem
1184 1909 1345 2020 primam
1369 1912 1410 1990 δι
1437 1910 1632 2007 tertiam,
1667 1913 1707 1991 δι
1728 1935 1854 2008 p-c
1881 1909 2051 1996 similiter
2157 1937 2158 1952 ¹

679 2085 685 2096 .
744 2023 863 2106 Error
887 2021 949 2104 in.
965 2025 1118 2108 ratione
1149 2021 1349 2136 Temporis
1386 2023 1487 2108 inter
1531 2017 1855 2108 Observationem
1886 2025 2051 2135 primam

745 2130 1020 2220 &secundam
1061 2137 1113 2222 ad
1146 2144 1318 2249 Tempus
1350 2135 1452 2224 inter
1482 2131 1806 2223 Observationem
1842 2132 2057 2224 secundam

745 2249 977 2332 &tertiam
1894 2249 1898 2257 ’

803 2357 1023 2448 Instituatur
1054 2365 1249 2478 Operatio
1275 2363 1397 2478 igitur
1428 2391 1500 2479 per
1540 2367 1725 2478 Regulam
1750 2362 1860 2454 Falsa
1888 2368 2050 2454 Pofitio·

610 2485 616 2494 '
746 2472 835 2574 uis,
871 2479 978 2581 cuius
1014 2478 1265 2590 Operarionis
1296 2479 1448 2563 ichema
1482 2477 1545 2562 hic
1582 2481 1819 2581 adnectitur,
1846 2481 1914 2568 ubi
1943 2509 1971 2566 u
1996 2486 2051 2568 est

746 2613 825 2676 una
864 2586 1009 2674 Posrtio
1048 2593 1320 2704 longitudinis
1360 2591 1500 2691 Nodi,
1538 2597 1578 2678 &
1603 2624 1631 2679 τ
1666 2623 1765 2680 -s
1800 2599 1915 2684 Error
1958 2597 2051 2681 hine

747 2723 857 2784 ortus
894 2701 942 2784 ira
975 2709 1173 2814 Tempore
1210 2731 1300 2792 toto
1336 2708 1454 2795 inter„
1468 2701 1791 2794 Observationem
1819 2711 1981 2822 primam
2009 2717 2050 2793 δι

747 2813 902 2900 tertiam
939 2815 1174 2920 interieoior
1220 2847 1251 2902 re
1271 2833 1353 2916 ÷1>
1389 2823 1509 2908 altera
1540 2821 1811 2934 longitudinis
1843 2823 1961 2908 Nodi
1980 2829 2051 2907 Po·

748 2925 863 3026 strio,
904 2929 946 3010 δι
975 2951 1068 3009 t·-
1096 2959 1116 3014 s
1148 2933 1265 3016 Error
1297 2934 1390 3018 diui
1422 2937 1626 3048 Temporis
1656 2939 1777 3022 torius
1796 2935 1887 3020 inde
1912 2961 2051 3020 ottus:

748 3039 833 3126 Fiat
856 3041 964 3147 juxta
1006 3041 1148 3132 diuam
1185 3047 1397 3159 Regulam,
1437 3073 1481 3136 ut
1523 3048 1742 3136 differentia
1772 3053 1954 3134 littorum
1998 3049 2053 3134 ad

745 4428 1007 4516 differentiam
1065 4425 1305 4513 Postriorrum
1361 4428 1417 4513 ira
1489 4425 1675 4512 alteruter
1730 4455 1779 4512 ex
1849 4430 2050 4516 Errorffius
2153 4471 2154 4522 ;

745 4545 800 4628 ad
866 4569 1064 4657 quartam·
1101 4545 1417 4654 quantitatem-3
1489 4541 1565 4623 erit
1634 4539 1716 4624 haec
1778 4539 1856 4653 ipsa
1924 4572 2050 4628 corre·

747 4661 828 4769 orio
876 4655 1082 4764 Politionis
1127 4657 1235 4746 istius
1281 4683 1331 4743 ex
1383 4681 1462 4768 qua
1502 4656 1620 4741 Error
1665 4651 1872 4769 allumprus
1926 4660 2046 4855 lippit.

1732 4837 1734 4842 .
1998 4797 2048 4856 uc
