4420 5692
723 549 794 638 498
898 527 1461 644 nrrnonronraa
1518 528 1869 608 narrarem
1945 601 1958 616 ,

718 683 825 763 Lora
847 671 1095 770 differentia,
1137 670 1248 774 hujus
1277 670 1418 752 notitia
1451 663 1597 753 sufficit.
1658 670 1708 751 Et
1735 672 1827 783 quia
1861 701 1910 756 etr
1943 675 2034 764 data

718 792 905 876 Pataliaxi
948 787 1182 870 horizontali
1222 784 1427 866 Parallaxis
1472 783 1582 868 aiteri
1613 784 1736 866 cuivis
1772 781 1880 896 supra
1920 795 2036 876 Hori-

718 933 876 990 zontem
921 903 1141 986 Elevationi
1186 926 1357 1008 congrua
1391 897 1505 981 facile
1547 897 1772 993 invenitur,
1809 928 1880 1012 per
1915 906 2033 1018 Prop.

718 1047 882 1105 xtvtt.
913 1017 999 1100 Lib.
1043 1042 1121 1104 113
1165 1012 1258 1096 idto
1298 1007 1377 1093 soli
1412 1011 1644 1094 horIzontali
1687 1015 1803 1095 Luna
1846 1019 2043 1102 Paraliaxi

717 1163 817 1248 opus
844 1134 909 1217 est.
972 1132 1029 1215 At
1058 1157 1145 1212 cum
1184 1130 1298 1210 Luna
1331 1126 1533 1208 Paraliaxis
1561 1126 1815 1210 horizontalis
1850 1133 1958 1212 varia
1985 1133 2031 1218 fit

717 1279 789 1362 pro
820 1250 965 1354 majore
996 1269 1063 1328 aar
1098 1242 1248 1324 minore
1278 1240 1468 1322 Distantia
1499 1243 1616 1323 Lunae
1648 1237 1671 1322 ai
1703 1247 1848 1344 Tetra,
1894 1247 2026 1346 Paral.

709 1365 861 1446 'laxium
895 1362 1046 1443 istarum
1082 1356 1233 1438 Tabu'ia
1264 1355 1318 1436 est
1348 1352 1583 1437 condenda:
1614 1353 1837 1462 ¹Parallanis
1877 1357 2021 1472 nempe

511 1457 515 1466 ¹
637 1493 640 1500 '
716 1478 784 1559 uni
811 1474 1008 1557 Distantiae
1039 1493 1268 1580 competens
1299 1495 1367 1576 per
1400 1472 1515 1578 Prop.
1555 1494 1674 1550 xxtt.
1708 1465 1938 1569 innotescit,
1987 1480 2027 1556 &

623 1664 627 1673 .
704 1595 832 1694 ,Luna
865 1586 888 1670 a
920 1593 1039 1670 Terra
1070 1584 1264 1696 Distantiae
1298 1583 1338 1664 in
1371 1581 1454 1665 aliis
1491 1581 1638 1666 Orbitae
1669 1578 1740 1667 suae
1770 1585 1918 1695 punitis
1953 1583 2029 1670 res·
2134 1611 2140 1624 ·

582 1767 599 1788 ..
712 1708 832 1816 petru
874 1697 1078 1786 Distanriae‘
1119 1723 1187 1809 pet
1226 1697 1370 1778 dietam
1408 1721 1538 1778 xxtt.
1582 1697 1778 1794 inventa,
1822 1725 1871 1780 ex
1913 1701 2028 1800 Lunae

607 1809 611 1816 ’
716 1818 860 1899 Orbita
895 1810 1113 1926 (utsupra
1145 1805 1333 1911 ostensum
1368 1810 1421 1893 est
1455 1809 1658 1912 definita)
1691 1812 2027 1905 determinantur;
2076 1897 2081 1902 ,

666 1954 669 1961 ·
716 1932 932 2014 Paraliaxes
974 1930 1088 2040 igitur
1130 1924 1399 2006 horizontales
1447 1927 1563 2010 Lunae
1616 1928 1636 2024 (
1678 1954 1763 2037 quae
1801 1943 1869 2038 per
1911 1933 2023 2041 Ptop.

716 2069 906 2126 xtvrtr.
942 2044 1028 2124 Lib.
1055 2039 1122 2124 ttr'
1139 2035 1223 2121 sunt
1241 2041 1441 2150 reciproce
1472 2065 1516 2120 ut
1540 2041 1619 2142 ejus
1654 2039 1853 2122 Distantiae
1883 2038 1905 2121 i
1933 2046 2026 2124 Ter.
2115 2115 2121 2122 .

635 2255 640 2264 Ι
715 2185 765 2240 tae
798 2156 969 2264 centro)
1007 2185 1078 2267 pro
1108 2156 1189 2256 ejus
1225 2151 1294 2236 sttu
1318 2152 1368 2236 ad
1398 2152 1620 2264 Apogaeum
1652 2159 1692 2235 ὃ(
1724 2153 1931 2264 Perigaeum
1955 2149 2036 2238 suae'

716 2273 896 2369 Orbitae,
938 2273 1015 2354 hoc
1040 2272 1117 2365 est,
1156 2295 1228 2376 pto
1255 2269 1466 2352 Anomaiia
1492 2271 1572 2372 ejus
1602 2267 1754 2372 media,
1784 2293 1888 2354 notae
1930 2268 2023 2355 fiunt

716 2391 757 2468 &
789 2390 827 2469 in
864 2385 1055 2470 Tabulam
1097 2382 1335 2494 rediguntur.
1812 2425 1818 2436 ·

677 2550 681 2558 -
772 2504 975 2604 Quoniam
1004 2526 1100 2581 vero
1121 2493 1336 2603 hujusmodi
1361 2496 1519 2582 Tabula
1546 2497 1803 2580 Patallaxium
1828 2497 2023 2583 Lunam

714 2616 960 2700 rizontaiium
990 2642 1061 2726 pto
1089 2639 1165 2694 una
1203 2636 1353 2694 tantum
1368 2685 1370 2694 .
1388 2613 1537 2694 Orbitae
1572 2609 1698 2695 forma
1723 2607 1906 2702 inservir;
1931 2614 2020 2696 ideo

707 2758 780 2842 pro
803 2728 1101 2838 Excentricitate
1127 2726 1293 2806 maxima
1306 2751 1436 2821 unam,
1448 2726 1641 2838 aliamque
1659 2754 1730 2837 pto
1757 2728 1914 2808 minima
1931 2755 2020 2810 con·

706 2841 833 2937 dunt,
864 2843 904 2923 &
939 2840 1153 2923 Parallaxin
1187 2842 1300 2921 Lunae
1338 2841 1619 2924 horizontalem
1647 2867 1719 2951 pro
1746 2839 1842 2922 dato
1873 2867 2019 2954 tempo·

707 2981 749 3039 re
786 2950 975 3038 assumunt
1006 2955 1046 3035 in
1085 2952 1221 3036 eadem‘
1265 2952 1417 3038 ratione
1458 2954 1625 3039 mediam
1674 2954 1775 3038 intet
1804 2954 2015 3038 Parallaxes

706 3071 879 3151 maxima
930 3072 969 3150 δι
1010 3067 1173 3150 minimae
1210 3093 1430 3177 congruas,
1485 3067 1563 3181 qui
1602 3067 1880 3151 Excentriritas
1914 3069 2008 3154 dato

706 3182 765 3264 isti
802 3182 967 3296 tempori
1006 3211 1177 3294 congrua
1212 3183 1339 3268 media
1371 3184 1424 3266 est
1448 3181 1549 3266 inter
1575 3183 1912 3276 Exctntricitatem
1942 3209 2019 3266 ma·

682 3299 855 3414 ⁸trimam
891 3303 931 3380 &
966 3297 1176 3380 minimam.

765 3411 968 3496 Parallaxis
1012 3415 1128 3496 Luna
1176 3409 1429 3495 horizontalis
1476 3408 1525 3496 stc
1564 3410 1724 3496 inventa
1774 3409 2016 3495 teotificanda

707 3526 761 3610 est
780 3553 848 3635 per
874 3526 1151 3637 AEquationem
1169 3525 1364 3638 quandam
1386 3525 1524 3609 exalia
1543 3527 1694 3610 Tabula
1720 3523 2015 3621 desumendam,

705 3640 811 3743 cujus
843 3640 920 3724 hoc
954 3641 1008 3722 est
1037 3638 1344 3724 fundamentum.
1404 3643 1460 3721 Ex
1489 3644 1603 3750 Prop.
1640 3663 1704 3727 11.
1754 3641 1901 3722 constat
1944 3643 2016 3722 Lu-

703 3781 792 3836 nam
829 3754 1013 3857 (caeteris
1042 3751 1237 3864 paribus)
1277 3753 1432 3864 longius
1466 3751 1489 3834 a
1515 3757 1633 3843 Terra
1673 3753 1809 3835 distare
1841 3754 1882 3834 in
1910 3757 2014 3862 Qra·

705 3867 868 3951 draturis
904 3896 1022 3976 quam
1049 3871 1088 3948 in
1123 3868 1310 3977 syzygiis.
1373 3867 1671 3974 Proportionem
1696 3869 1796 3952 inter
1820 3865 2013 3948 distantias

704 3978 815 4062 hasce
857 3983 971 4063 Lunae
1002 3976 1025 4060 a
1056 3985 1199 4074 Terra>
1235 4005 1283 4058 ex
1318 3980 1576 4090 proportione
1611 3981 1762 4064 Vitium
1806 3983 1908 4064 Solis
1944 3979 2011 4090 qui

706 4093 885 4176 efftmum
913 4095 1016 4174 hunc
1050 4091 1300 4203 producunt,
1337 4119 1415 4204 ope
1451 4097 1592 4206 Propp.
1629 4100 1757 4177 xx&
1793 4121 1906 4176 xxv.
1944 4093 2001 4174 in·

702 4206 838 4289 venite
871 4209 976 4288 iicet.
1042 4205 1207 4288 Tabula
1244 4205 1357 4316 igitur
1399 4205 1449 4288 ad
1482 4207 1708 4320 aequandam
1741 4212 1856 4292 Lnnoe
1886 4207 2010 4289 Paral-
2067 4225 2070 4230 ¹

702 4319 806 4400 laxin
852 4321 1002 4404 constat
1029 4348 1076 4400 ex
1110 4319 1305 4431 particulis
1337 4314 1604 4403 subtrahendis
1631 4319 1653 4400 ai
1696 4320 1883 4404 Parallaxi
1909 4337 2012 4430 quat

701 4429 741 4512 in
770 4435 944 4545 Syzygiis
984 4433 1162 4530 obtinet,
1209 4461 1325 4544 prout
1374 4438 1482 4518 Luna
1510 4431 1561 4516 ad
1594 4434 1881 4542 Qadratnram
1916 4459 2006 4546 pro·

701 4549 786 4661 pius
801 4548 967 4648 accedit,
981 4547 1049 4632 ubi
1074 4547 1243 4660 (caeteris
1261 4547 1448 4661 paribus)
1489 4548 1693 4664 i’aralittxis
1729 4551 1784 4637 est
1818 4546 2007 4677 minima,

1208 4693 1211 4700 ,
1661 4693 1664 4702 ,
1919 4685 2011 4772 φη
