4322 5686
713 521 818 616 ⁴94⁸
953 467 1848 586 >aspernante-rursum

713 627 833 734 verrit
848 671 874 728 ·,
924 623 975 712 de
997 621 1147 736 quibus.
1163 613 1302 730 supra)
1337 616 1379 698 in
1405 639 1481 698 una
1501 613 1710 712 columna,
1747 617 1916 723 Tempus
1941 604 2032 724 poll

714 734 928 849 superadum
956 731 1186 816 Perihelium
1216 753 1299 839 quo
1327 721 1376 808 a‘d
1401 723 1586 836 aqualem
1615 751 1701 806 cunr
1731 719 1930 808 Tellurei
1959 723 2034 806 So·

716 851 754 933 le
795 844 1011 944 distantiam
1045 838 1267 952 pertingitr
1317 836 1358 916 in
1397 833 1546 930 altera,
1587 836 1753 942 Tempus
1780 849 1862 942 quo
1890 833 2033 942 pertin-

717 959 775 1068 git
811 953 867 1039 ad
903 947 1131 1040 Disturtiam
1176 944 1310 1058 prioris
1355 939 1608 1052 quadruplam
1639 965 1719 1026 'aut
1768 942 2035 1054 quampiam,

716 1067 821 1156 illam
849 1085 987 1174 nempe
1015 1059 1056 1140 ln
1083 1053 1217 1168 quad
1246 1051 1359 1138 nobis
1392 1049 1516 1134 videri
1543 1049 1688 1136 definit.
2146 1079 2147 1086 ξ

772 1221 908 1304 Tertio
930 1276 955 1330 ,x
995 1213 1210 1300 commoda
1244 1211 1455 1300 admodum
1493 1215 1565 1300 erit
1610 1165 1762 1300 'labda
1800 1241 1869 1326 per
1901 1211 2039 1299 Schol.
2146 1229 2147 1232 ‘

722 1350 761 1420 2.
787 1333 903 1438 Prop.
937 1351 1084 1410 xxxrr.
1120 1319 1319 1435 supputata
1349 1369 1362 1422 ,·
1410 1326 1594 1438 inqua,
1633 1323 1758 1434 posrto
1785 1340 1945 1408 numero
1975 1352 2041 1409 ro-

721 1437 851 1523 tundo·
873 1464 944 1546 pro
974 1434 1163 1518 Distantia
1191 1433 1368 1519 Perihelii
1394 1435 1574 1518 Cometae
1600 1431 1624 1516 ὲ
1650 1433 1775 1529 Sole,
1809 1431 1857 1514 ad
1889 1433 2041 1517 variam

721 1544 1022 1658 magnitudinem
1051 1566 1146 1626 areat
1178 1568 1275 1626 vas
1311 1548 1337 1643 ·(
1351 1542 1431 1625 vid.
1468 1542 1543 1654 fig.
1583 1541 1748 1653 praediui
1782 1541 1958 1638 Scholii)
2004 1545 2042 1624 in
2146 1579 2147 1596 ξ

720 1656 889 1768 partibus
924 1649 1153 1764 quadratia
1192 1655 1293 1736 reda
1332 1677 1390 1734 sv
1418 1648 1593 1762 descripti
1630 1645 1834 1762 exprellam
1861 1644 2046 1734 adscribi·

720 1792 782 1850 tur
811 1789 983 1875 congrua
1015 1761 1210 1871 quantitas
1236 1760 1366 1872 anguli
1394 1786 1451 1843 vs
1467 1787 1492 1844 n
1509 1817 1530 1858 ³
1575 1765 1807 1870 &congrua
1834 1757 2046 1872 longitudo

721 1879 829 1959 reela
865 1871 938 1954 εξ
963 1863 1129 1980 expressa
1163 1871 1203 1954 in
1244 1868 1413 1979 partibus
1450 1873 1559 1953 reoae
1576 1895 1679 1952 ov.
1728 1871 1786 1950 Ex
1820 1865 1892 1952 hac
1923 1869 2046 1964 enim,

723 1979 942 2066 &Tabula
970 1975 1247 2088 praecedente,
1292 1983 1333 2060 ἃ
1360 2003 1454 2062 nota
1480 1973 1627 2088 insuper
1652 1977 1840 2061 Distantia
1867 1975 2048 2064 Perihelii

723 2094 901 2177 Cometa
929 2085 952 2171 a
979 2085 1100 2183 Sole,
1143 2113 1253 2198 prom
1281 2111 1321 2171 te
1344 2081 1584 2171 innotescunt
1611 2085 1836 2198 Longitudo
1866 2088 2048 2192 Cometa

722 2199 747 2286 ai
781 2197 972 2282 Perihello
1002 2195 1025 2279 ὲ
1059 2197 1151 2282 Sole
1194 2198 1315 2294 v'a,
1362 2201 1402 2278 δι
1429 2196 1617 2279 Distantia
1654 2196 1832 2280 Cometae
1861 2191 1885 2280 al
1913 2221 2047 2279 centro

723 2311 824 2394 Solis
854 2306 1037 2416 Tempori
1064 2325 1152 2390 ante
1180 2307 1246 2390 vel
1272 2307 1355 2415 post
1383 2305 1611 2389 Perihelium
1640 2301 1836 2416 propofito
1862 2327 2046 2419 congrua.

724 2419 829 2504 Nam
866 2413 956 2499 dati
985 2414 1112 2498 svin
1151 2413 1319 2526 partibus
1351 2414 1484 2498 media
1525 2415 1723 2498 Distantiae
1757 2417 1886 2498 Terrat
1911 2411 1936 2498 ai
1958 2415 2049 2498 Sole

725 2517 934 2723 {uuir
968 2549 1146 2715 tenu
1171 2521 2049 2717 ἓὲξξξξξξὲξξξξξξξξξ

635 2741 655 2750 ’
727 2770 821 2858 pta:
851 2739 1019 2824 Dabitur
1048 2693 1163 2852 igit'ur
1189 2742 1322 2826 eadem
1352 2736 1519 2853 expressa
1545 2739 1712 2852 partibus
1740 2738 1918 2855 quadrati
1944 2745 2050 2826 redut

729 2880 820 2948 vs,
871 2855 911 2931 δι
948 2848 1105 2934 Tabulae
1143 2851 1232 2933 huic
1267 2852 1387 2934 tertiat
1428 2875 1550 2941 atat
1595 2855 1635 2933 δι
1670 2849 1831 2962 proinde
1867 2880 1918 2935 ex
1956 2851 2051 2936 dato

551 3004 557 3013 ·
727 2967 922 3066 Tempore
963 2980 1053 3041 ante
1088 2960 1153 3042 vel
1192 2961 1278 3068 post
1314 2875 1476 3042 Perihel

728 3067 914 3172 Tempori
943 3065 1030 3146 huic
1077 3069 1449 3177 proportionalis-in
1478 3063 1610 3151 iisdem
1637 3069 1841 3180 partibusr
1883 3070 2052 3180 ideoque

728 3205 776 3262 ex
813 3171 964 3257 Tabula
998 3173 1069 3257 hac
1098 3178 1209 3260 tertia
1233 3177 1355 3259 statim
1411 3175 1570 3264 at‘ebunt
1598 3181 1756 3290 angulus
1786 3205 1880 3262 vsa
1910 3181 2052 3294 Longi·

664 3381 670 3392 ,
728 3284 826 3369 rudo
861 3281 1145 3368 Heliocentrica
1182 3287 1408 3368 Cornetoea
1445 3286 1634 3370 Perihelio
1662 3285 1864 3400 propofitae
1890 3313 1987 3372 areae
2014 3291 2054 3372 dt

729 3392 819 3478 ideo
841 3389 1038 3503 proposito
1073 3395 1255 3504 Tempori
1284 3423 1490 3504 congrua,
1539 3400 1578 3478 δι
1606 3398 1720 3482 etiarn
1737 3423 1919 3510 congrua
1946 3403 2055 3482 reeta

732 3525 786 3585 un
806 3497 1021 3610 longitudo
1050 3504 1089 3584 in
1117 3503 1283 3610 partibus
1299 3503 1408 3612 ipfius
1427 3531 1484 3586 sv
1505 3565 1517 3602 ,
1557 3533 1643 3618 quae
1656 3532 1723 3616 per
1737 3507 1924 3616 Regulam
1938 3509 2054 3592 trium

730 3612 961 3720 exprimetur
979 3611 1018 3692 in
1040 3608 1210 3722 partibus
1231 3611 1508 3698 semidiametri
1530 3613 1645 3698 Orbis
1672 3615 1814 3730 magni.
1930 3605 1943 3628 ’

729 3851 731 3856 y
787 3751 869 3837 Sed'
893 3757 932 3833 δι
960 3751 1040 3836 aliu
1069 3753 1226 3838 Tabuloe
1251 3815 1288 3853 ,.
1316 3757 1365 3840 ad
1404 3759 1589 3842 calculum
1617 3759 1657 3842 in
1685 3760 1943 3843 Cometarurn
1970 3761 2053 3840 Mo-

730 3861 832 3946 tibus
871 3853 1111 3972 supputandis
1149 3862 1408 3950 facilitandum
1446 3865 1783 3966 accommodatae,
1836 3895 1886 3948 ex
1922 3894 2053 3977 prace-

730 3968 907 4080 d'entibus
929 3968 1212 4084 conficientur,
1246 3999 1316 4083 pro
1338 3970 1515 4086 cujusque
1543 3977 1676 4060 calculi
1702 3977 1818 4089 genio
1843 3979 1885 4058 δι
1910 4001 2051 4072 natura,

732 4091 825 4208 quas
852 4077 1015 4186 proinde
1043 4079 1211 4194 Artificis
1239 4083 1424 4171 industria
1453 4085 1667 4198 relinquere
1683 4097 1862 4196 oportet.

1463 2961 1541 3041 ium
1571 3018 1585 3058 ‚
1641 2959 1794 3046 dabitur
1834 2987 1923 3045 area
1955 2987 2050 3047 vas
