4322 5686
755 573 827 649 702
930 547 1486 629 ⁴'ASTRONOMIAE
1537 550 1913 652 ΡΗΜΗᾨΕΙ

758 678 955 764 circumire
989 675 1195 764 statuerunt
1235 739 1248 778 ‚
1298 676 1529 790 illorumque
1553 667 1729 762 'Orbitas
1771 675 1794 763 ἑ
1836 677 1929 761 Sole
1975 678 2081 788 quali

757 791 960 899 Epicytlos
990 789 1169 896 deferri,
1244 817 1299 870 uae
1340 785 1521 871 sententia
1551 781 1731 900 AEgyptiis
1762 783 2009 895 philosophis
2036 791 2096 866 dt·

759 893 934 978 Ciceroni
959 899 1100 1008 placuit
1123 930 1133 986 3
1177 817 1242 978 nill
1273 898 1401 1006 potius
1434 897 1534 979 hunc
1564 895 1701 980 horum
1728 897 1845 980 trium
1868 917 2079 1004 corporum

758 1005 932 1088 ordinem
966 1003 1202 1108 ¹,censeamus
1252 1002 1428 1117 reliquias
1478 1007 1561 1089 veri
1606 1005 1822 1113 Syslematis
1870 1002 2077 1101 Mundank

700 1153 701 1158 Ν
759 1112 869 1223 apud·
884 1109 1138 1224 AEgyptiorum
1161 1111 1385 1197 Sacerdotes
1415 1113 1587 1198 nondum
1617 1116 1767 1227 penitus
1787 1113 1966 1196 emortui.

811 1257 1077 1346 Observatoris
1111 1287 1238 1346 autern
1262 1261 1382 1344 nollri
1412 1261 1554 1344 Solaris
1577 1264 1744 1344 rationes
1771 1263 1823 1345 ab
1860 1256 2079 1367 hujusmodi

756 1371 1012 1482 incommodis
1039 1371 1183 1454 turbari
1209 1394 1404 1481 nequeunt
1428 1402 1438 1458 ;
1492 1368 1555 1453 sed
1585 1371 1752 1454 Planetae
1777 1399 1909 1456 omnes
1942 1397 1993 1478 pe
2038 1363 2080 1451 e*-

756 1504 827 1560 tuo
878 1479 1034 1578 diresli,
1081 1484 1121 1560 &
1167 1478 1337 1563 Periodis
1371 1478 1580 1563 admodum
1610 1477 1806 1575 diverse,
1849 1474 1970 1562 adea
2016 1505 2080 1560 em

693 1581 696 1592 ’
756 1589 867 1668 'Fixas
896 1587 1018 1671 redire
1042 1586 1312 1676 videbuntutr
1362 1585 1464 1670 unde
1491 1615 1541 1669 ex
1568 1587 1681 1717 disto
1707 1589 1894 1698 principio
1918 1586 2080 1668 illorum

755 1692 867 1777 Ordo
901 1691 1043 1806 absque
1092 1698 1198 1779 omni
1233 1693 1465 1778 haesitatione
1502 1695 1725 1806 stabilietur
1808 1693 1927 1806 Qod
1955 1697 2079 1776 etiam

756 1797 913 1886 decursu
949 1804 1133 1914 temporis
1173 1804 1329 1888 ulterius
1361 1801 1686 1904 confirmabitur,
1728 1832 1815 1888 cum
1866 1809 1884 1902 <
1894 1804 1941 1884 iis
1979 1805 2079 1888 inter

757 1905 794 1993 se
826 1911 890 1993 'vel
914 1909 1186 2024 'magnitudine
1228 1913 1329 2020 prius
1364 1910 1601 2010 observata,
1631 1912 1713 1997 'vel
1744 1909 1894 1995 diverso
1925 1911 2076 2010 colore,

755 2013 841 2102 satis
870 2020 947 2122 j'am
980 2045 1068 2104 ante
1106 2019 1318 2116 eminetis)
1363 2017 1519 2105 inferior
1542 2017 1770 2132 superiorem
1800 2046 1933 2136 tegere
1965 2017 2077 2106 facile

755 2125 1069 2238 deprehendetur.

811 2272 926 2368 Brevi
966 2270 1081 2355 etiam
1119 2268 1294 2354 advertet
1334 2271 1534 2379 Spedator
1575 2267 1816 2354 Planetanun
1917 2274 2076 2356 emhltet

755 2377 807 2462 ad
837 2379 945 2461 Fixas
987 2380 1170 2465 collatum
1206 2405 1307 2462 nunc
1336 2376 1480 2460 tardius
1514 2405 1616 2460 nunc
1648 2378 1823 2462 velocius
1875 2383 1992 2483 etri,
2035 2386 2074 2464 dt

756 2516 805 2570 ex
834 2485 1010 2598 praedisia
1040 2517 1086 2592 re·
1108 2488 1170 2570 ula
1204 2483 1408 2570 concludet
1443 2485 1550 2568 illum
1576 2513 1677 2571 nunc
1714 2489 1936 2599 propiorem
1975 2521 2074 2574 nunc

686 2616 688 2624 ’
757 2595 1004 2679 remotiorem
1033 2625 1055 2680 e
1084 2627 1137 2686 et
1182 2595 1294 2710 quod
1317 2623 1364 2677 ex
1395 2589 1597 2678 observata
1626 2595 1705 2697 ejus
1739 2596 1930 2681 diametro
1958 2629 2075 2710 appa·

618 2691 636 2722 ⁰
757 2706 855 2785 renti
887 2729 1033 2788 mutata
1073 2705 1220 2815 plenius
1259 2702 1418 2814 patebit.
1504 2707 1650 2786 Verum
1690 2734 1776 2790 cum
1809 2701 2073 2792 observaverit

756 2811 1006 2896 velocitatem
1045 2841 1127 2896 non
1178 2815 1306 2924 augeri
1345 2813 1385 2892 in
1416 2808 1551 2895 eadem
1580 2814 1728 2898 ratione
1762 2843 1848 2898 cum
1881 2815 2074 2900 diametro

757 2922 990 3028 apparenti,
1034 2918 1097 3005 sed
1120 2923 1160 3005 in
1190 2918 1337 3005 ratione
1370 2916 1451 3006 fere
1492 2918 1711 3032 duplicata;
1755 2924 1930 3010 inveniet
1963 2924 2074 3008 velo·

730 3115 733 3126 ‚
757 3029 879 3110 citatis
907 3032 1158 3114 mutationem
1192 3055 1272 3112 non
1306 3026 1377 3111 effe
1411 3051 1545 3118 totam.
1568 3031 1771 3140 opticam,
1824 3029 1890 3116 sed
1909 3035 1999 3140 ¹ejus
2020 3031 2074 3116 se-
2111 3135 2114 3140 1

756 3131 897 3218 milsem
913 3137 1078 3222 Planetae
1095 3167 1228 3223 revera
1248 3135 1360 3220 inesse
1377 3192 1392 3236 ,
1428 3138 1585 3220 alteram
1612 3135 1791 3224 semissem
1809 3142 1973 3253 propter
1995 3170 2072 3226 ma·

754 3263 877 3362 jorem
898 3248 1135 3331 vicinitatem
1158 3274 1350 3357 apparere.

808 3375 916 3459 Licet
947 3377 1185 3462 Planetarum
1224 3380 1410 3464 Ordinem
1446 3383 1517 3466 rite
1551 3351 1762 3468 stabilitum
1784 3383 1895 3470 facile
1921 3411 2072 3489 teneat,
2157 3423 2158 3428 ¹

753 3507 834 3563 non
867 3485 939 3566 erit
964 3485 1019 3568 illi
1047 3485 1146 3570 adeo
1174 3489 1347 3599 proclive
1374 3518 1508 3574 eorum
1532 3488 1556 3575 it
1580 3493 1672 3576 Sole
1699 3493 1888 3578 distantias
1905 3498 2073 3583 interse

754 3615 1008 3793 comparate,
1057 3594 1160 3678 deest
1196 3598 1297 3691 enim
1331 3597 1395 3688 ,hie
1435 3597 1545 3705 (qud
1589 3629 1660 3684 nos
1695 3603 1897 3687 Terticolae
1925 3611 2072 3719 gaude-

753 3723 835 3778 mus
900 3695 1165 3786 observatoris
1194 3705 1390 3788 translatio
1417 3706 1467 3789 de
1498 3707 1589 3790 loco
1613 3711 1663 3791 in·
1685 3710 1847 3810 locum,
1893 3711 1979 3798 stve
2006 3717 2070 3800 sla·

750 3807 901 3892 tionum
930 3806 1162 3910 diversitas,
1197 3808 1275 3926 quel
1301 3816 1541 3898 Planetarum
1569 3815 1759 3903 distantias
1784 3817 1809 3904 al
1833 3813 1871 3903 se
1898 3823 2067 3910 invicem

748 3941 835 3998 cum
862 3915 1067 4002 stationum
1093 3919 1269 4014 distantia
1293 3921 1476 4006 conserat.
1693 3985 1697 3992 .

803 4032 925 4144 Qud
966 4017 1184 4123 fi'oculum
1209 4037 1231 4122 ὲ
1259 4041 1359 4124 Solis
1388 4061 1521 4124 centro
1544 4041 1585 4125 in
1611 4043 1711 4130 illius
1739 4042 1977 4159 superficiem
1997 4053 2066 4138 en'-
2155 4023 2156 4070 ³

747 4163 920 4248 gamus,
977 4165 1057 4228 tum
1095 4173 1143 4230 ex
1184 4145 1425 4231 Planetarum
1462 4151 1644 4234 Pamllaxi
1678 4159 1808 4240 omnia
1853 4163 2060 4269 patebunt:

747 4247 907 4328 Telluris
934 4251 1035 4330 enim
1062 4255 1264 4340 Parallaxis
1286 4255 1570 4357 horizontalis,
1622 4263 1738 4366 oculo
1766 4263 1817 4348 stc
1840 4271 2059 4366 constituto,

608 4407 610 4412 ,
744 4350 799 4434 cst
825 4354 978 4463 aequalis
1008 4356 1108 4443 Solis
1134 4354 1414 4452 semidiametro
1441 4364 1463 4452 ὲ
1492 4372 1610 4455 Terra
1638 4367 1726 4458 visae
1748 4431 1763 4476 ,
1788 4369 1853 4483 st.
1888 4377 1977 4479 ἰδ’,
2020 4381 2060 4456 &

897 4532 899 4543 .
1543 4557 1548 4566 ,
1969 4485 2059 4570 ideo
