4322 5686
275 589 317 671 r»
340 581 729 670 cernerem
758 591 1092 704 crunnum.
1116 600 1200 675 nn.
1219 601 1280 680 1¹1.
1377 625 1447 702 705

131 743 217 840 quae
240 723 342 812 sunt.
380 789 402 856 '.
427 727 521 856 l=laec
541 727 586 813 ln
617 730 786 818 Sauuno
810 741 851 819 &
877 738 1030 820 Tellure
1060 742 1223 825 maxime
1252 739 1450 855 conspicua

129 843 213 926 sunt
224 899 239 939 ,
267 843 306 924 in
337 836 489 1032 rehpurs
517 842 612 929 vix-r
644 843 740 972 quio
755 844 796 926 in
817 847 861 928 iis
883 845 983 930 Solis
1008 846 1204 934 illustratio
1234 851 1283 934 ‘ad
1305 877 1448 940 utrum·

127 973 206 1067 que
236 949 376 1038 Polum
421 973 552 1057 emper
578 971 772 1064 pertmgrt.

180 1134 330 1232 Oculus
357 1134 398 1220 in
424 1136 518 1222 Sole
554 1135 695 1248 politus
720 1137 876 1224 mullum
909 1141 1139 1240 Umbramj
1180 1142 1321 1234 nullam
1350 1146 1451 1229 Ecli-

123 1243 205 1360 psin
242 1266 372 1332 cernet
404 1305 418 1346 ,
475 1265 612 1354 utpote
682 1273 738 1331 ure
811 1275 972 1361 erpetuo
1002 1248 1027 1334 ὲ
1056 1250 1146 1336 Sole
1179 1247 1263 1336 sunt
1295 1249 1445 1338 averse.

122 1351 355 1468 Aliquando
377 1355 543 1454 Oculo,
587 1356 627 1438 in
651 1273 760 1466 super
787 1360 846 1442 cie
873 1361 973 1442 Solis
994 1361 1240 1459 constituto,
1285 1365 1345 1445 cui
1368 1365 1452 1446 Pla-

124 1487 215 1552 neta
253 1466 294 1548 in
332 1461 535 1549 horizonte
566 1465 655 1562 est,
694 1465 943 1550 Secundarius
969 1470 1009 1551 in
1038 1469 1250 1578 penumbra
1282 1474 1452 1555 Primarii

123 1574 366 1673 videbitur,
412 1573 477 1660 vel
514 1574 723 1682 penumbra
757 1573 978 1660 secundarii
1017 1579 1057 1659 in
1095 1578 1266 1661 Primarii
1307 1575 1451 1664 discum

122 1685 321 1800 projectas
360 1680 471 1796 quod
499 1709 547 1766 ex
574 1683 707 1768 colore
730 1684 929 1796 aliquanto
951 1681 1104 1770 iustiori
1131 1682 1385 1797 dignoscetur.

134 1847 139 1854 -
183 1795 380 1878 Caeterum
405 1792 493 1878 loca
517 1793 757 1876 Planetanm
790 1794 1081 1884 Heliocentricu
1117 1801 1135 1895 (
1147 1799 1188 1876 δι
1225 1793 1315 1880 ideo
1342 1794 1452 1882 facile

121 1933 173 1990 ex
204 1900 299 1984 dato
327 1903 367 1982 in
389 1902 492 1983 Solis
533 1897 725 2011 superficie
755 1905 897 2009 puncto
919 1898 1026 1998 visa)
1064 1899 1176 1985 facile
1199 1903 1453 1988 determinan-

121 2037 186 2096 tur
208 2035 276 2122 per
297 2007 397 2092 dieta
428 2011 468 2092 in
492 2008 612 2092 Libro
640 2029 709 2094 m.
781 2013 906 2092 Immo
929 2011 1128 2114 cujuslibet
1151 2011 1317 2096 Planetae
1344 2013 1451 2097 locus

121 2117 429 2206 Heliocentricus
452 2119 555 2225 prius
576 2116 885 2204 determinandus
913 2119 1004 2218 est,
1047 2143 1090 2204 ut
1114 2123 1194 2227 ejus
1216 2122 1323 2205 locus
1347 2125 1453 2207 Geo-

125 2228 316 2316 centticus
338 2221 554 2312 definiatur.

179 2415 319 2500 Praeter
343 2411 519 2498 Planetas
546 2411 744 2526 primarios
760 2408 822 2500 sex
842 2441 918 2498 unc
944 2442 1031 2500 cum
1056 2415 1188 2502 decem
1205 2415 1452 2516 satellitibus,

122 2529 217 2632 (tot
240 2523 352 2607 enim
388 2517 580 2654 hucusque
621 2523 824 2637 1erricolis
858 2523 992 2609 videre
1027 2528 1190 2638 contigit
1201 2527 1250 2626 ‚)
1296 2528 1365 2639 qui
1403 2527 1454 2610 ab

122 2627 384 2718 Observatore
411 2633 535 2716 Solon
565 2633 605 2716 in
636 2630 807 2714 Zodiaco
832 2633 899 2714 vix
925 2628 1085 2717 sedecim
1107 2659 1234 2746 partes
1260 2635 1367 2735 lato,
1412 2639 1454 2718 δι
1498 2715 1501 2720 ,

121 2743 180 2828 ιὰ
205 2739 317 2852 primi
359 2738 487 2825 motuis
526 2739 706 2824 circulum
743 2737 846 2822 haud
886 2741 1045 2825 multum
1082 2743 1264 2828 inclinato
1299 2738 1453 2841 versari,

122 2846 334 2962 omnesque
378 2852 419 2933 in
462 2845 611 2934 easdem
650 2849 818 2959 partes3
867 2849 986 2962 inque
1024 2851 1170 2936 Orbitis
1212 2851 1454 2936 circularibus

120 2960 208 3048 Soli
238 2955 318 3044 sere
352 2959 641 3055 comentrico,
691 2959 842 3040 moveri
880 2957 1149 3050 videbuntur;
1198 2984 1333 3070 praeter
1365 2959 1454 3058 hos,

121 3071 161 3154 in
194 3095 321 3170 uam,
360 3061 444 3150 sunt
466 3067 617 3152 alterius
645 3067 792 3176 generis
825 3091 1034 3176 corpora,
1074 3095 1240 3178 quorum
1277 3093 1456 3153 numerus

121 3207 146 3263 a
203 3206 251 3261 uc
275 3179 479 3274 incertus,
522 3179 562 3258 in
583 3173 728 3258 Orbitis
765 3173 879 3256 valde
909 3176 1141 3264 excentricis,
1162 3175 1289 3260 delata
1336 3179 1456 3276 (Co-

120 3311 238 3390 metae
263 3282 383 3378 dieti)
425 3312 511 3397 quae
532 3307 634 3366 nunc
668 3279 718 3363 ad
746 3281 876 3365 Solem
901 3283 1074 3390 proxime
1098 3281 1320 3380 accedunt,
1355 3309 1457 3364 nunc

120 3397 173 3482 ab
211 3395 283 3478 illo
312 3395 352 3475 in
384 3387 609 3474 immensum
642 3387 837 3472 recedunt.
923 3391 1099 3472 Cometae
1127 3388 1270 3474 hino'n
1297 3391 1337 3472 in
1367 3415 1456 3472 ean·

122 3491 213 3590 clem
240 3529 374 3586 omnes
406 3499 559 3612 plagam
585 3553 597 3581 ‚
637 3494 700 3580 scd
723 3497 784 3578 hic
804 3497 1003 3595 inunum,
1046 3496 1109 3578 ille
1135 3498 1174 3579 in
1200 3498 1356 3582 alteram
1385 3496 1458 3597 (li-

124 3639 186 3697 eet
209 3609 374 3724 quilibet
397 3631 464 3718 per
487 3603 524 3690 se
544 3599 727 3715 spectatus
756 3606 795 3686 in
823 3603 985 3688 candem
1011 3600 1182 3715 semper)
1211 3606 1309 3689 inter
1347 3607 1457 3688 Fixus

125 3721 218 3804 serti
248 3711 516 3803 videbuntur;
560 3741 688 3824 neque
724 3715 764 3796 in
785 3711 956 3798 Zodiaco
985 3711 1063 3796 srve
1100 3713 1342 3798 Planetarum
1375 3713 1455 3808 via,

129 3825 231 3926 sed,
267 3851 309 3911 ut
339 3825 582 3936 plurimum,
624 3825 663 3904 in
694 3823 767 3902 viis
796 3820 846 3903 ad
877 3820 978 3904 hunc
1005 3818 1213 3904 admodum
1237 3822 1457 3906 notabiliter

128 3935 346 4057 inclinatis,
376 3927 521 4041 semper
541 3954 669 4014 autem
689 3931 728 4010 in
747 3929 895 4012 circulis
920 3924 1065 4040 sphaerae
1079 3931 1263 4013 maximis.

185 4105 363 4190 Comere
396 4133 476 4188 non
505 4102 626 4188 solum
666 4100 830 4187 maximi
865 4103 992 4190 monle
1020 4103 1237 4192 diversitate
1269 4104 1293 4190 t
1323 4103 1459 4206 Plane·

129 4213 181 4298 tis
203 4211 520 4326 distinguuntur,
562 4191 625 4296 led
647 4212 833 4323 precipue
859 4211 990 4296 Comi
1011 4209 1112 4312 iste,
1155 4241 1276 4322 quoe5
1322 4210 1460 4296 &Sole

129 4317 246 4422 visa,
286 4349 394 4420 non,
431 4345 473 4408 ut
498 4321 611 4404 nobis
630 4323 895 4434 plerumque,
937 4321 1084 4405 Caudae
1119 4323 1231 4406 instar
1262 4317 1460 4434 protendi·

129 4441 228 4533 t'ur,
273 4423 338 4518 sed
367 4430 620 4520 circumcirca¹
637 4432 752 4546 capiti
787 4425 1039 4622 {gemundi
1071 4455 1261 4544 perpemo
1288 4427 1457 4525 videtur,

144 4583 173 4592 ··
452 4579 459 4586 ,
662 4593 665 4598 ,
851 4560 940 4642 m3
1415 4555 1459 4616 ur
