4376 5694
710 591 780 684 ςιι
925 541 1466 664 „tirnomorrre
1512 577 1852 660 ιιιιιιιι

708 731 949 859 Temporum
981 722 1271 838 periodicorum
1300 719 1518 806 Satellitum
1550 722 1652 808 eirca
1687 717 1776 811 suos
1803 713 2012 838 tespedire

709 838 945 939 Primatios,
988 846 1028 922 δι
1056 842 1253 974 reciproca
1286 833 1482 945 duplicata
1514 839 1666 926 tatione
1689 843 1929 951 Temporum
1952 863 2016 954 pe,

713 955 952 1040 tiodicorum
986 954 1257 1042 primariorum
1288 946 1390 1034 circa
1415 951 1562 1036 Solem.

960 1117 1539 1237 PROPOSITIO
1602 1143 1759 1229 LIV
1863 1205 1868 1214 -

652 1393 655 1401 ·
713 1337 846 1424 Motus
858 1339 1063 1533 linaequaeles
1104 1331 1316 1418 Satelitm
1347 1340 1447 1418 circa
1473 1335 1516 1415 al
1514 1339 1592 1416 ium
1617 1341 1784 1462 quemvri
1810 1333 2013 1415 Plancum

770 1456 1045 1538 revolventium
1075 1449 1334 1533 determinare

716 1643 862 1840 EX
892 1639 1000 1756 supra
1034 1597 1299 1727 determinatis
1338 1641 1517 1728 Motibus
1555 1639 1808 1838 inaequalibus
1842 1643 1954 1725 Luna
1985 1637 2014 1721 ὲ

828 1785 963 1844 centro
1004 1761 1131 1840 Terrae
1157 1752 1329 1867 spectatis
1360 1760 1517 1846 alterius
1541 1753 1701 1861 cujusvis
1728 1755 1907 1842 satellitis
1927 1755 2011 1836 Mo-

715 1897 778 1960 tus
786 1871 964 1982 analogi
996 1897 1076 1982 ope
1118 1867 1387 1982 pramillorum
1422 1876 1723 1959 Theorematum
1758 1869 2011 1952 determinan-

714 2013 806 2084 tut,
853 1985 1048 2070 srForma
1091 1985 1318 2070 Orbirarum
1358 1989 1576 2072 Satellitum
1618 1989 1657 2066 δι
1695 1983 1902 2067 Inclinatio
1937 1984 2030 2066 Or·

713 2103 821 2186 bium
858 2099 908 2186 ad
943 2099 1090 2210 plana,
1125 2102 1165 2184 in
1201 2102 1342 2212 quibus
1377 2099 1548 2186 Primarii
1580 2093 1779 2208 respettivi
1811 2099 1909 2181 cirea
1937 2099 2007 2179 So-

714 2215 791 2300 lem
829 2213 1034 2312 letuntut,
1082 2239 1163 2298 non
1203 2217 1367 2297 multum
1403 2211 1642 2299 abludant
1625 2241 1648 2296 a
1685 2215 1824 2297 Forma
1862 2211 2007 2296 Orbita

710 2329 870 2414 Lunaris
902 2333 942 2408 δι
976 2271 1235 2411 In'clinatime
1265 2329 1369 2440 plani
1409 2333 1490 2432 ejus
1529 2324 1579 2409 ad
1610 2328 1767 2438 planum
1794 2323 2009 2437 Eclipticae‚

711 2468 754 2528 ut
789 2445 828 2525 in
859 2444 1015 2526 circum
1018 2440 1237 2551 jovialibus
1269 2446 1308 2522 δι
1334 2444 1489 2525 circum
1493 2441 1678 2526 Saturniis
1718 2439 1888 2532 accidit:
1924 2443 2009 2524 Par·

712 2583 762 2640 va
800 2581 929 2641 autem
957 2557 1098 2639 horum
1131 2553 1347 2670 differentia
1379 2559 1515 2640 Motus
1553 2550 1775 2638 sensibiliter
1807 2580 1889 2639 non
1927 2579 2008 2638 mu

640 2727 648 2758 ι
710 2695 799 2770 tat,
841 2691 884 2754 ut
921 2671 971 2754 ad
1011 2671 1167 2803 Propp.
1180 2698 1219 2752 ιιι
1246 2675 1285 2752 &
1309 2695 1395 2755 xtv.
1432 2671 1662 2754 adnotatum
1686 2669 1754 2752 est.

705 2827 709 2836 ·
769 2785 855 2866 Sint
879 2811 936 2864 ex.
956 2805 1016 2891 gr
1036 2783 1169 2867 extimi
1194 2783 1437 2867 Planetatum
1477 2811 1632 2866 circum
1634 2783 1844 2892 Josralrum
1873 2787 2008 2870 Motus

709 2894 1028 2981 determinandis
1077 2898 1189 2978 Patet
1222 2923 1270 2978 ex
1311 2899 1432 2982 Schol
1472 2901 1589 3009 Prop.
1637 2924 1749 3007 praec.
1797 2899 2007 2983 Nodorum

710 3013 802 3094 dieti
833 3011 1018 3092 Satellitis
1060 3011 1215 3091 Motum
1263 3010 1433 3094 medium
1465 3007 1725 3124 regrellrvum.
1743 3007 1816 3096 elle
1841 3013 1891 3096 ad
1924 3016 2008 3094 Μο-

711 3148 795 3208 tum
829 3121 999 3206 medium
1031 3121 1244 3206 Nodorum
1288 3127 1447 3208 Lunae
1437 3154 1476 3206 m
1511 3127 1663 3208 ratione
1702 3125 1916 3238 composta
1959 3153 2006 3208 ex

709 3239 862 3322 ratione
905 3237 1109 3348 Temporis
1155 3238 1340 3350 periodiei
1374 3237 1464 3322 dieti
1501 3237 1685 3322 Satellitis
1724 3241 1824 3324 circa
1864 3243 2005 3350 jovem

487 3455 491 3463 Ι
543 3372 554 3402 ι
707 3351 760 3437 ad
789 3356 966 3483 Tempus
995 3348 1235 3461 periodicum
1270 3355 1385 3438 luna
1422 3354 1522 3437 cirea
1554 3361 1740 3451 Terram,
1773 3359 1813 3437 δι
1837 3351 2006 3463 duplica-

708 3489 748 3549 ta
777 3464 926 3548 rarione
954 3465 1159 3574 Temporis
1189 3467 1379 3574 periodici
1402 3469 1578 3551 Terrae'
1544 3493 1645 3549 errea
1671 3469 1803 3550 Solem
1821 3465 1872 3550 ad
1898 3475 2008 3552 Tem

706 3601 779 3692 pus
802 3575 1042 3690 periodicum
1068 3577 1179 3684 Jovis
1202 3581 1301 3663 cirea
1335 3581 1495 3673 Solem,
1532 3581 1754 3693 &proinde
1786 3581 1892 3680 dari,
1919 3605 2008 3662 cum

709 3693 811 3776 dieta
841 3696 1036 3804 Tempora
1060 3691 1255 3801 periodica
1286 3693 1560 3780 observatione
1593 3719 1689 3780 nota
1719 3696 1802 3778 smt.

764 3805 1027 3917 Similiterque
1061 3830 1110 3885 ex
1141 3809 1257 3890 Motu
1295 3807 1427 3892 medio
1463 3807 1555 3922 Aps
1544 3807 1650 3892 dum
1687 3811 1803 3892 Luna
1836 3802 2008 3921 progres-

681 3917 765 4115 {l
738 3948 791 4003 vo
835 3943 988 4002 eruetur
1025 3919 1161 4001 Motus
1201 3921 1352 4005 medius
1381 3921 1636 4034 progrelltvus
1673 3922 1766 4036 Aps
1754 3923 1862 4010 dum
1885 3925 2007 4010 Satel-

738 4033 798 4114 tis

765 4141 916 4226 Eodem
946 4141 1068 4228 modo
1099 4169 1147 4226 ex
1179 4147 1295 4262 Prop.
1331 4171 1442 4260 ptaec
1480 4149 1656 4234 Variatio
1693 4147 1787 4232 dieti
1820 4151 2006 4239 Satellitis

708 4259 760 4344 ell
788 4256 839 4341 ad
874 4260 988 4340 Lunae
1014 4257 1278 4342 Variationem
1302 4258 1448 4376 supra
1437 4291 1634 4348 rnventam
1659 4266 1696 4345 in
1724 4265 1874 4346 ratione
1899 4292 2007 4349 com·

707 4369 831 4485 polita
858 4397 907 4453 ex
935 4369 1131 4480 duplicata
1170 4377 1323 4460 ratione
1356 4379 1560 4490 Temporis
1594 4378 1782 4490 periodici
1805 4379 1906 4460 illius
1937 4383 2005 4466 Sa·

701 4484 835 4567 telliris
867 4484 965 4565 cirea
997 4487 1138 4591 Jovem
1174 4487 1224 4568 ad
1259 4495 1429 4621 Tempus
1472 4493 1714 4603 periodicum
1745 4491 1862 4574 Luna
1901 4494 2003 4578 circa

638 4601 880 4695 Terram,
914 4600 954 4680 ἃ
991 4597 1187 4708 duplicata
1220 4603 1374 4690 rarione
1405 4609 1610 4720 Temporis
1650 4606 1838 4718 periodici
1872 4612 2001 4692 Terra
2165 4717 2166 4722 Ν

1896 4721 2000 4808 eirca
2165 4759 2166 4768 ι
