4322 5686
728 561 810 636 '724
929 529 1469 616 ASTRONOMIAE
1508 529 1873 606 'PHYSICAE

985 661 989 672 ’
1056 655 1598 818 vuorosrrro
1644 711 1737 818 vr

781 935 1033 1024 ⁸Plumomenu
1054 929 1220 1041 Caelestia
1233 939 1445 1044 praepar,
1479 961 1555 1045 qua
1582 925 1704 1016 Oculo
1721 925 1943 1016 insutum
1959 929 2064 1043 postte

847 1068 1069 1132 occurrunt,
1101 1041 1311 1152 describere.
1372 1107 1375 1113 .

795 1265 845 1388 Ol
895 1299 922 1386 ὲ
959 1301 1125 1388 Saturno
1164 1293 1245 1386 fere
1282 1298 1447 1410 decuplo
1485 1300 1633 1384 minore
1654 1271 1663 1282 ⁸
1684 1293 1872 1380 diametro
1911 1315 2067 1402 apparet

813 1409 929 1526 quim
974 1410 997 1494 ὲ
1025 1416 1144 1494 Terra
1173 1470 1186 1508 ,
1234 1415 1275 1492 δι
1305 1410 1382 1513 ejus
1411 1405 1545 1492 Discus
1575 1467 1589 1505 ,
1628 1432 1782 1517 unaque
1809 1406 1891 1487 Lux
1918 1409 1961 1486 dc
1989 1401 2067 1483 Ca-

738 1523 801 1606 lor
832 1579 845 1619 ,
886 1521 1098 1630 nonaginta
1125 1515 1255 1602 saltem
1281 1519 1429 1601 vicibus
1458 1519 1584 1600 minor
1610 1513 1727 1626 quim
1754 1509 1831 1596 hic.
1912 1513 2068 1596 Saturni

739 1631 875 1716 Annus
915 1631 1072 1738 triginta
1110 1625 1189 1712 fere
1229 1625 1252 1709 ὲ
1290 1627 1423 1710 nostris
1462 1625 1614 1738 aequalis
1643 1624 1735 1706 est:
1792 1649 1907 1732 quam
1932 1644 2070 1702 autem

737 1740 930 1823 rationem
958 1739 1067 1820 Dies
1082 1735 1255 1820 Saturnia
1284 1733 1333 1816 ad
1360 1735 1526 1818 nostram
1555 1733 1735 1829 habeat,
1774 1730 1962 1814 incertum
1990 1728 2067 1816 tlh

737 1875 826 1931 nam
866 1844 1048 1954 periodus
1086 1844 1341 1930 revolutionis
1379 1843 1531 1927 Saturni
1570 1842 1670 1924 circa
1707 1842 1899 1949 proprium
1939 1834 2067 1919 Auem

665 1972 670 2005 ²
737 1953 910 2040 nondum
938 1953 1099 2036 constat.
1173 1947 1374 2058 Hagenrm
1401 1951 1556 2062 quidem
1585 1977 1633 2031 ex
1661 1949 1786 2032 intimi
1812 1945 1986 2032 Comitis
2014 1945 2067 2027 di-

736 2065 872 2148 stantia
900 2090 943 2144 ac
973 2059 1170 2171 periodo,
1210 2061 1426 2171 horumque
1462 2059 1751 2186 comparatione
1778 2085 1867 2138 cum
1894 2053 2066 2138 distantia

737 2179 779 2255 dc
818 2170 980 2281 periodo
1020 2171 1143 2252 intimi
1183 2169 1427 2275 Jovialitun,
1478 2163 1680 2250 vertfimile
1717 2162 1842 2249 censet
1884 2191 1969 2249 non
1997 2159 2066 2248 elle

736 2279 930 2392 longiores
969 2279 1063 2366 Dies
1108 2278 1183 2360 illic
1220 2274 1337 2386 quim
1375 2278 1416 2362 in
1453 2276 1568 2385 J0ve.
1635 2279 1679 2358 In
1718 2273 1816 2356 hanc
1843 2269 2065 2358 sententiam

736 2391 854 2485 abit,
894 2389 1079 2500 quoniam
1097 2457 1099 2462 ,
1115 2413 1186 2496 pro
1214 2385 1434 2469 indubitato
1463 2384 1580 2467 habet
1607 2382 1708 2468 Solis
1737 2389 1776 2466 dt
1803 2385 1980 2466 Primarii
2008 2409 2065 2465 ro-

604 2583 606 2594 ,
736 2499 895 2581 tationis
923 2496 1195 2578 Primariorum
1225 2500 1264 2576 &
1292 2493 1646 2590 Secundariorum,
1677 2495 1821 2603 (quam
1849 2493 1891 2573 in
1917 2485 2065 2575 easdem

737 2605 894 2718 quidem
933 2629 1057 2714 partes
1098 2601 1179 2685 fieri
1217 2627 1362 2686 certum
1408 2603 1461 2686 est
1476 2604 1519 2700 ‚)
1550 2625 1616 2685 aut
1655 2596 1783 2683 saltem
1831 2602 2065 2684 rotationem

737 2711 909 2824 corporis
952 2713 1126 2794 centralis
1165 2717 1205 2794 ἃ
1233 2712 1477 2795 Planetarum
1504 2709 1598 2796 illud
1627 2709 1897 2793 comitantium
1925 2710 1978 2792 ab
2004 2735 2065 2790 ea·

735 2823 826 2908 dem
865 2816 976 2904 causa
1016 2818 1219 2928 penderet
1276 2819 1454 2932 adeoque
1482 2817 1505 2904 ὲ
1533 2815 1763 2916 converso,
1803 2814 1893 2900 clun
1921 2819 2066 2902 Satelli-

736 2955 795 3014 tes
834 2932 934 3012 circa
972 2932 1173 3012 Saturnum
1219 2953 1367 3012 rotatos
1406 2924 1669 3011 observaverit
1701 2963 1714 3025 5
1755 2931 1796 3010 &
1835 2927 1940 3010 hunc
1969 2928 2064 3010 circa

736 3037 866 3123 Axem
905 3032 1010 3119 suum
1048 3037 1201 3118 revolvi
1241 3037 1364 3118 nullus
1404 3036 1633 3134 dubitavit,
1681 3041 1721 3119 δι
1760 3036 1842 3145 pari
1877 3034 1960 3120 fere
1987 3062 2065 3146 quo

688 3225 689 3228 t
735 3148 884 3257 Jupiter
923 3169 1140 3252 tempore,
1186 3147 1241 3228 ob
1281 3145 1492 3228 Satellitum
1535 3143 1716 3255 periodos
1759 3143 1863 3228 haud
1890 3146 2063 3256 impares.

735 3254 794 3342 At
834 3253 860 3336 fi
900 3249 1155 3337 consideretur
1201 3249 1347 3336 caulam
1397 3254 1599 3336 rotationis
1648 3253 1915 3338 Primarionrm
1965 3255 2067 3337 circa

734 3363 911 3460 Solem,
954 3361 1232 3444 Satellitumve‘
1256 3363 1357 3444 circa
1398 3363 1658 3446 Primatum,
1711 3391 1794 3446 non
1833 3359 1901 3446 elle
1937 3363 2068 3448 vorti·

735 3499 821 3554 cem
861 3471 980 3554 ullum
1010 3484 1044 3566 ‚'
1079 3495 1144 3553 aut
1183 3468 1294 3582 quod
1330 3470 1439 3574 hujus
1478 3471 1589 3554 instar
1627 3471 1718 3572 est,
1756 3474 1846 3573 (cui
1886 3471 2069 3582 opinioni

735 3578 955 3690 pradictum
985 3601 1251 3704 argumentum
1279 3579 1494 3678 innititun)
1524 3576 1587 3663 sed
1615 3581 1790 3666 Planetas
1817 3605 1929 3664 motu
1960 3607 2067 3663 com-

731 3685 861 3881 posito
890 3713 939 3767 ex
966 3686 1152 3800 ptoredtili
1181 3683 1349 3795 prorsum
1377 3689 1417 3770 in
1446 3693 1579 3788 reeta,
1616 3694 1657 3772 dt
1683 3719 1733 3774 ex
1826 3689 1951 3772 vitate
1982 3716 2065 3772 ver·

727 3825 790 3884 us
808 3819 811 3829 ·
831 3821 969 3904 corpus
1010 3796 1175 3878 centrale
1216 3797 1346 3895 (circa
1384 3794 1494 3908 quod
1530 3798 1570 3882 in
1608 3795 1731 3907 spatio
1775 3800 1783 3818 '
1831 3823 1878 3879 ro
1909 3801 1956 3879 δε
1985 3823 2065 3880 tan

732 3919 816 3990 tum
852 3931 932 3992 non
968 3927 1100 3988 vacuo
1138 3907 1384 4004 moventur)
1422 3901 1606 4006 deferri,
1652 3911 1692 3990 dt
1720 3905 1907 3994 Satellites
1937 3908 2064 3990 Sanu-

611 4031 615 4040 '
731 4016 819 4099 nios
858 4009 1004 4108 ¹eodem
1043 4011 1164 4095 modo
1205 4014 1249 4102 in
1282 4017 1483 4099 Satumum
1522 4017 1754 4128 gravitare,
1798 4013 1878 4098 five
1907 4017 1939 4098 is
1968 4017 2065 4096 circa

733 4119 860 4204 Auem
894 4120 1122 4205 revolvatur
1161 4117 1239 4204 srve
1267 4119 1466 4233 quiescatr
1506 4149 1651 4237 patet,
1696 4151 1743 4207 ex
1771 4125 1970 4208 rotatione
1997 4125 2063 4206 Sa-

731 4229 895 4310 tellitum
940 4226 1051 4338 ipsrus
1092 4231 1245 4312 Saturni
1285 4231 1522 4316 rotationem
1561 4235 1661 4317 circa
1697 4231 1896 4346 proprium
1933 4227 2064 4314 Axem

722 4362 832 4472 ‘non-s
852 4336 952 4462 reste
994 4334 1164 4450 coligi,
1206 4337 1345 4424 nedum
1374 4339 1483 4444 hujus
1511 4339 1724 4449 periodum.
1802 4344 1948 4437 Verum
1961 4337 2065 4526 ‘gui-

766 4479 770 4486 .
826 4475 833 4494 ,
868 4472 884 4500 ²
1992 4468 2063 4525 em
