4420 5692
291 574 335 650 u-
361 565 768 672 onorrnrnsca
801 561 1137 674 unumunurn
1158 563 1347 678 num
1434 593 1500 680 501

135 703 141 714 ’
195 707 330 796 locus
362 737 487 792 verus·
505 713 552 790 δε·
578 707 809 793 Nodorum·
826 736 959 822 prope·
976 737 1090 794 verm
1112 706 1212 812 sive.
1227 709 1378 794 medius
1397 711 1504 795 .den-

195 845 292 914 mus
317 823 470 910 dabitur
501 817 688 934 Aspesius
712 823 927 923 Nodorum
945 851 1034 906 cum
1053 822 1171 921 Sole,
1197 828 1237 906 δε
1261 823 1350 906 huic
1378 826 1505 935 proin·

195 935 261 1024 sle·
275 936 458 1048 AEquatio
481 931 787 1048 correspondens
815 966 863 1050 ex
882 937 1054 1033 Tabula,
1086 937 1137 1021 de
1163 963 1242 1050 qua
1266 949 1302 1038 §.
1326 954 1364 1030 8.
1385 941 1460 1021 Pro
1490 995 1502 1020 .

193 1059 351 1156 t‘nurus
394 1077 606 1161 perquam
643 1057 834 1138 cortesius
869 1049 983 1134 Nodi
1027 1052 1155 1135 locus
1195 1050 1344 1134 medius
1381 1077 1443 1134 rur
1484 1079 1505 1134 s
1566 1074 1581 1084 ·

150 1163 257 1250 ,bis
281 1162 532 1276 corrigendus
561 1165 615 1246 est
640 1193 711 1277 per
743 1165 1019 1276 AEquationem
1048 1163 1284 1248 Menstruam
1302 1161 1503 1250 Annuam·
1661 1180 1662 1183 ‘
1733 1266 1738 1278 1

199 1305 302 1388 que,
328 1277 379 1360 de
411 1277 552 1390 quibus
582 1277 729 1360 ibidem
759 1284 885 1364 auum
915 1280 982 1362 est.
1498 1365 1501 1374 ,

187 1391 190 1398 ’
254 1392 406 1488 Simul,
434 1419 482 1474 ex
513 1390 655 1502 eodem
674 1387 841 1502 Aspeffu
867 1391 1081 1475 Nodorum
1108 1389 1159 1474 ad
1190 1391 1345 1492 Solem,
1371 1420 1502 1478 excer-

194 1504 347 1618 pendus
372 1505 425 1588 est
450 1499 627 1594 Excessus
650 1505 918 1610 inclinationis
934 1505 1119 1605 Limitum
1148 1502 1258 1618 supra
1289 1505 1502 1590 eorundem

193 1619 493 1730 Inclinationem
519 1617 746 1718 minimam,
780 1618 884 1730 (vel
904 1616 1091 1703 Desebius
1116 1616 1140 1700 i
1169 1618 1334 1705 maxima
1342 1625 1393 1722 5)
1418 1647 1502 1732 quo

193 1731 402 1842 lnclinatio
434 1731 592 1814 minima
610 1729 639 1842 (
656 1732 731 1814 ¹vel
756 1731 968 1840 maxima)
1003 1723 1232 1846 corrigenda
1262 1731 1316 1824 est
1344 1754 1389 1814 ut
1417 1759 1503 1818 cor·

193 1848 335 1944 reiiior
370 1842 538 1928 evadat:
572 1841 638 1927 sed
667 1873 753 1957 quae
784 1846 845 1930 bis
877 1841 1001 1930 rursus
1030 1843 1260 1956 corrigenda
1288 1845 1369 1936 ests
1395 1873 1503 1929 nem.

173 1967 245 2073 'pe
261 1967 339 2070 'pro
370 1957 483 2070 ipsius
517 1961 635 2043 Lunae
665 1954 833 2072 Aspebiu
856 1959 909 2043 ad
941 1960 1075 2045 Solem
1111 1964 1152 2040 δι
1186 1957 1351 2043 Telluris
1389 1959 1501 2042 Ano·

191 2075 310 2182 malla
341 2069 496 2161 medias
532 2071 583 2154 de
615 2099 778 2183 quarum
806 2075 1085 2184 AEquationum
1115 2071 1274 2184 Tabulis
1298 2075 1424 2154 adium
1447 2075 1501 2158 est
1538 2071 1541 2076 ’

192 2199 232 2282 s.
272 2209 313 2288 9.
362 2189 478 2296 Prop.
526 2208 669 2272 xxvt.
727 2187 767 2270 Si
817 2188 934 2272 Lunae
971 2189 1100 2284 locus
1143 2181 1428 2269 correctiffimus
1459 2186 1498 2272 in

192 2297 281 2410 ipfis
296 2297 470 2410 Syzygiis
491 2297 867 2408 inquiratumetiam
898 2300 1169 2398 comestionis,
1197 2291 1256 2382 de.
1269 2325 1348 2412 qua
1378 2307 1502 2398 §.102

193 2417 312 2522 Prop.
332 2432 472 2496 xxvl.
501 2411 600 2496 ratio
627 2412 762 2496 haberi
769 2411 942 2608 poterit.
1305 2407 1322 2512 s
1394 2465 1425 2499 «,

252 2525 461 2635 Qoniam¹
488 2551 586 2620 vero
629 2523 766 2612 innote
783 2550 875 2608 cunt
905 2527 1020 2608 Nodi
1053 2531 1093 2608 δι
1129 2527 1296 2638 Apogaei
1335 2527 1496 2612 Lunaris

192 2667 288 2744 ¹vera
319 2643 426 2719 Loca
460 2637 502 2726 in
533 2635 615 2720 Ecli
646 2636 749 2736 tica,
783 2641 823 2720 ἃ
856 2638 974 2722 Orbis
1012 2641 1171 2724 lunaris
1205 2637 1411 2724 Inclinatio
1444 2637 1496 2724 ad

168 2741 357 2852 ‘eandem
370 2808 385 2849 ‚
422 2668 653 2832 resolvens)
692 2750 923 2862 triangulum
958 2749 1178 2861 sphaericum
1204 2751 1514 2864 restangulum,·

193 2871 344 2977 inquo
376 2888 512 2975 praeter
547 2867 692 2945 resium
726 2859 867 2946 dantur
912 2865 1077 2978 angulus
1122 2865 1220 2948 alter
1250 2865 1498 2977 alterumque

192 2983 293 3066 latus
324 2975 423 3059 circa
456 2981 632 3076 redium,
667 2977 863 3060 invenitur
889 2969 1079 3062 Distantiu
1122 2977 1289 3091 Apogaei
1315 2975 1338 3062 ai
1365 2980 1495 3064 Nodo

191 3095 234 3178 iu
266 3088 377 3176 Orbe
404 3089 544 3174 Lunari
573 3113 829 3202 computatas
858 3118 999 3204 nempe
1023 3089 1305 3206 hypothenusa.
1364 3095 1414 3174 Et
1437 3087 1495 3176 su·

192 3233 264 3322 pra
292 3207 476 3287 inventus
502 3203 558 3286 ,est
589 3205 705 3287 Lunae
737 3203 866 3294 Locus
896 3205 936 3292 in
967 3199 1031 3288 sua
1065 3207 1206 3288 Orbita
1235 3205 1285 3287 ab
1311 3203 1494 3318 Apogaeo
1551 3205 1563 3312 2
1658 3195 1698 3283 ’.

10 3361 20 3390 ·
194 3335 441 3430 computatus
468 3344 477 3392 ε
515 3315 703 3426 Erigitur
736 3345 817 3400 non
845 3317 1086 3428 ignorabitur
1110 3317 1301 3405 Distantia
1324 3317 1440 3404 Lunae
1469 3319 1497 3404 ὲ

176 3427 323 3518 'Nouo
350 3429 391 3510 in
432 3426 542 3510 Orbe
573 3427 713 3510 Lunari
739 3453 979 3541 computata.
1037 3422 1223 3543 Cumque
1260 3428 1377 3515 etiam
1402 3431 1493 3518 data

195 3549 240 3634 s1t
267 3541 472 3629 Inclinatio
496 3539 587 3622 diui
618 3540 736 3622 Orbis
759 3542 917 3627 Lunaris
949 3543 1001 3628 ad
1031 3545 1258 3657 Eclipticam
1281 3576 1293 3634 3
1320 3545 1494 3632 invenie·

195 3685 257 3748 tur
294 3684 376 3743 tum
411 3657 528 3748 Lunae
558 3653 773 3752 Latitudo,
817 3679 899 3741 tum
935 3659 1015 3761 ejus
1041 3659 1168 3742 Locus
1198 3662 1238 3743 in
1274 3658 1492 3766 Ecliptica,

196 3775 264 3869 ,vel
300 3796 367 3886 per
406 3763 680 3882 resolutionem
729 3767 906 3879 trianguli
952 3766 1121 3881 sphaerici
1157 3769 1363 3880 recianguli
1391 3771 1492 3853 inter

199 3887 350 3971 Orbem
386 3885 624 3978 lunarem,
680 3880 908 3990 Eclipticam
954 3881 1218 3992 circulumque
1260 3879 1492 3966 latitudinis

198 3993 571 4112 comprehensr‚·vel
595 3991 809 4104 expeditius
819 4019 888 4104 per
911 3993 1082 4077 Tabulas
1103 3993 1333 4078 latitudinis
1358 3996 1397 4074 δι
1420 3997 1494 4078 lle.
1667 4079 1669 4086 Ι

199 4111 422 4217 mistionis,
444 4109 499 4192 de
521 4105 662 4219 quibus
677 4115 726 4204 }§.
759 4130 805 4215 11
836 4111 877 4190 δε
917 4125 990 4198 12..
1010 4110 1122 4218 Prop.
1151 4131 1291 4190 xxvr.
1326 4107 1393 4192 ubi
1420 4110 1498 4192 dio-

199 4255 285 4330 tum
316 4224 546 4334 triangulum
573 4221 626 4304 est
651 4221 836 4328 ¹hailenus
866 4214 1097 4318 resolutum,
1142 4247 1305 4334 quarum
1329 4215 1414 4310 usus
1444 4221 1498 4304 sa-

146 4343 148 4351 '
200 4359 251 4458 gis
279 4341 331 4424 est
363 4361 520 4422 notus:
561 4361 730 4446 namque
767 4334 957 4418 Distantia
985 4335 1078 4418 .haec
1103 4331 1219 4416 Lunae
1249 4331 1271 4416 ai
1303 4333 1429 4420 Nodo
1456 4337 1496 4417 in
1562 4417 1571 4432 Ι

200 4466 312 4558 ofbe
329 4449 468 4535 Lunari
489 4473 713 4558 computata
730 4442 993 4557 Argumentum
1012 4441 1247 4528 Latitadimi
1270 4447 1496 4561 appellatur.

201 4651 209 4662 ,
258 4586 448 4666 1nuentus
479 4559 593 4672 igitur
625 4562 682 4646 est·
702 4565 831 4651 locus
859 4562 979 4654 Luna
1014 4587 1130 4662 verus
1149 4563 1175 4666 ,J
1208 4559 1287 4650 sive
1320 4561 1497 4655 &Terrae

293 4669 806 4786 Gregorifflril'omffls
952 4675 959 4688 '
1008 4676 1027 4686 ’“
1116 4673 1186 4762 'K'
1275 4672 1280 4686 ’
1317 4674 1330 4686 ’“
1411 4701 1500 4759 cen·
