4420 5692
279 645 324 718 o
370 629 764 715 crouurnrca
807 631 1144 710 unumunurn.
1183 633 1273 710 ιη.
1302 637 1373 716 ιν.
1442 574 1515 736 4a1

204 795 415 894 corporum
446 777 756 892 perturbantium
788 774 1002 860 admodum
1040 777 1263 890 inaequales.
1322 780 1430 864 Cum
1463 809 1520 869 ta.

205 921 295 978 men
327 893 484 978 effecius
520 895 648 977 omnis
681 895 762 997 ejus
792 890 1095 1004 perturbationis
1124 896 1234 1005 parvi
1257 892 1351 992 smt‚
1380 923 1519 984 cotum

204 1009 483 1121 inaequalitates
517 1006 623 1120 quast
655 1003 891 1090 insenfibiles
923 1003 1097 1091 evadent
1124 1037 1135 1097 ς
1168 1015 1209 1091 δι
1244 1009 1374 1094 media
1401 1009 1519 1122 cujus-

203 1149 282 1234 que
311 1124 508 1234 quantitas
538 1122 591 1206 ad
615 1122 809 1206 calculum
842 1119 1162 1205 Astronomicum
1191 1117 1365 1210 sufficiet.
1497 1120 1503 1194 ἰ
1538 1153 1542 1162 ·

568 1308 998 1416 SECTIO
1076 1307 1143 1412 V.

297 1498 375 1590 Da
415 1499 592 1586 Motu
627 1493 851 1582 Luna>
892 1495 1065 1584 Trntr
1110 1525 1421 1597 sructura.
1501 1606 1505 1614 ,

200 1701 294 1908 IN
334 1692 641 1811 praecedentibus
680 1692 1017 1806 Propofirionibus
1063 1693 1143 1780 fuse
1192 1695 1384 1808 ostensum
1423 1693 1513 1808 esis
1649 1735 1657 1744 ·

257 1807 426 1926 quinam*
460 1811 532 1895 smt
576 1811 736 1892 Ertotes
766 1837 869 1921 quos
904 1813 943 1893 in
985 1809 1229 1894 Planetarum
1267 1811 1512 1904 secundatio-

201 1953 286 2010 tum
317 1954 428 2013 motu
456 1924 526 2011 Sol
560 1921 778 2034 producit:
807 1926 853 2004 ln
882 1951 1052 2036 quorum
1089 1926 1266 2010 omnium
1290 1935 1513 2044 exemplum
1572 2007 1598 2048 s

201 2041 350 2126 Lunam
383 2039 549 2126 Telluris
574 2037 793 2121 Satellitem
817 2034 1056 2135 afferemus,
1092 2033 1364 2128 &summatim
1384 2048 1511 2134 osten·

199 2153 338 2240 demus
362 2149 591 2270 quibusnam
619 2151 950 2259 Inaequalitatibus
982 2147 1166 2236 afficiatur
1201 2153 1281 2240 hac
1295 2216 1309 2256 ‚
1339 2188 1510 2273 quomo·

198 2267 256 2351 do
275 2265 530 2353 observentur
553 2268 594 2346 δι
623 2289 756 2346 earum
783 2263 866 2347 alia·
899 2266 950 2349 ab
973 2268 1055 2352 aliis
1086 2265 1390 2382 distinguantur,
1415 2276 1512 2386 item

198 2383 408 2494 quomodo
441 2409 489 2464 ex
514 2375 601 2491 ipsrs
627 2375 828 2478 fontibus,
856 2405 997 2492 nempe
1030 2382 1134 2466 Sulis
1164 2384 1323 2470 Viribus
1354 2379 1510 2476 illatum

196 2495 530 2608 generatricibus‚
574 2517 643 2604 per
684 2491 875 2574 calculum
909 2493 1158 2577 inveniantur
1194 2527 1203 2574 t
1252 2503 1300 2584 Et
1334 2500 1511 2614 denique

197 2637 272 2721 pto
307 2609 484 2693 Motibus
510 2605 727 2690 Lunatibus
745 2605 916 2691 Tabulas
941 2605 1139 2690 condendi
1165 2605 1380 2725 iisdemque
1396 2639 1510 2701 uten-

199 2723 242 2806 di
268 2723 499 2807 methodum
526 2717 804 2839 indicabimus,
836 2721 902 2803 ubi
933 2721 1064 2804 obiter
1082 2723 1285 2915 apparebit
1305 2755 1402 2837 quas
1430 2729 1510 2812 Lu:

197 2861 257 2920 nae
309 2835 596 2948 lnaequalitates
645 2829 976 2920 consideraverint
1011 2834 1126 2918 bucu
1142 2863 1221 2946 que
1268 2839 1510 2930 Tabularum

197 2951 469 3050 Conditores‚
495 2941 668 3060 quasque
696 2947 950 3058 neglexerint.

279 3093 333 3241 J
458 3133 1016 3226 uuouosmo
1084 3142 1241 3228 xxt.

194 3349 309 3457 'Luna
353 3361 507 3455 Morum
550 3369 690 3480 ejusque
740 3365 1010 3478 [aequalitates
1057 3366 1234 3453 barrem
1269 3372 1508 3481 observem?

205 3577 211 3586 ,
251 3491 320 3571 vel
341 3487 554 3594 destinaras,
585 3485 657 3560 vel.
678 3509 761 3562 cum
787 3483 873 3562 alir'r
901 3489 1061 3582 mixtur,
1089 3513 1135 3566 ex
1146 3483 1397 3598 strperioribur
1426 3519 1506 3586 rom

240 3613 434 3716 sequemet
454 3591 649 3705 destribere
677 3591 724 3686 ci
756 3597 955 3706 explicare.

301 3793 404 3878 Uod
442 3789 577 3876 Tellus
616 3811 758 3900 corpus
790 3809 973 3900 magnum
1006 3793 1047 3873 dc
1077 3792 1237 3878 Planeta
1277 3793 1506 3905 primariu53

313 3909 461 3992 interca
490 3905 584 3986 dum
615 3904 716 3984 circa
742 3901 878 3985 Solem
916 3902 1062 4002 fertur,
1092 3905 1224 4017 xpollit
1263 3910 1381 3992 Luna
1417 3939 1506 3996 cor.

195 4047 269 4133 pus
299 4025 423 4105 minus
449 4025 596 4103 circum
630 4011 667 4099 se
707 4016 920 4098 revolvens
951 4013 1018 4102 sub·
1050 4017 1233 4103 Satellitis
1275 4020 1402 4106 forma
1436 4025 1505 4110 de.

195 4129 296 4219 ferte
313 4139 353 4218 in
386 4133 524 4231 Orbe,
562 4133 667 4236 cujus
700 4129 858 4240 planum
884 4155 1083 4242 utcunque
1115 4131 1322 4218 intimatur
1345 4135 1396 4220 ad
1420 4138 1524 4248 pla-'

195 4276 289 4334 num
316 4250 507 4362 Eclipticae
532 4245 571 4328 in
602 4269 685 4356 quo
709 4242 842 4325 Tellus
868 4246 969 4329 circa
993 4245 1126 4329 Solem
1147 4245 1346 4342 dcfettutr
1373 4253 1503 4363 quod.

196 4389 276 4478 que
305 4359 413 4447 Luna
441 4365 482 4444 in
508 4357 642 4471 Ellipst
680 4355 905 4440 umbilicum
935 4359 976 4440 in
1002 4363 1128 4442 Terrae
1150 4379 1295 4446 'centro
1328 4363 1502 4452 habente

115 4537 120 4546 ·
197 4477 491 4592 quamproxime
534 4469 645 4588 polilt
668 4471 848 4560 revolvit
870 4489 991 4583 'patet
1023 4497 1072 4557 cx
1108 4475 1224 4588 Prop.
1267 4499 1374 4571 rixa
1408 4479 1499 4563 Lib.

205 4613 241 4677 1·
267 4589 422 4704 ejusque
458 4576 723 4674 Corollariis:
751 4583 888 4698 Atque
916 4582 1113 4701 hacjsunt
1140 4591 1395 4698 phaenomena
1421 4598 1503 4676 evi·
1599 4691 1605 4702 ι

198 4703 411 4793 deutilluna
451 4699 627 4790 omnium
667 4699 791 4788 oculis
829 4701 1033 4898 expglira:
1072 4699 1161 4788 hinc
1186 4707 1290 4790 etum
1316 4707 1359 4788 dc
1385 4707 1507 4790 Lunae

962 4838 989 4920 3
1408 4823 1509 4910 Pha·
