4376 5694
244 645 293 732 a
337 639 727 722 eraurrercn
769 589 1105 722 araneum.
1146 637 1230 722 m.
1264 593 1332 734 ιι.
1408 679 1473 753 54,

435 807 984 908 PROPOSITIO
1043 809 1217 930 XLV.

177 1001 335 1094 'Telluris
363 1006 505 1095 Locum
545 1013 652 1125 (bor
673 1014 725 1118 ιβ
766 1075 780 1117 ‚
831 1025 904 1116 ejus
932 1003 1224 1122 Longitudinem
1247 1019 1293 1113 6⁶
1321 1017 1477 1104 Latitu-

176 1103 183 1116 ⁹
233 1125 390 1238 dinem)
426 1130 672 1211 determinare
700 1185 712 1214 ,
739 1127 804 1210 ubi
837 1124 907 1208 Sol
942 1132 1062 1207 oriens
1082 1127 1253 1235 ficprcmo
1275 1143 1343 1234 sui
1381 1167 1476 1219 mar·

130 1241 136 1250 '
219 1247 315 1354 gine
338 1242 484 1352 deficere
514 1242 680 1324 videtur.
838 1253 844 1263 “

174 1469 352 1664 lisdem
371 1478 618 1561 manentrbus
650 1504 736 1590 quae
769 1475 893 1587 polita
923 1472 1009 1560 sunt
1041 1473 1186 1587 supra,
1220 1475 1542 1566 determinantur
1563 1507 1674 1561 aera

241 1590 291 1673 da
324 1591 378 1673 est
405 1591 627 1702 longitudo
659 1597 700 1674 dc
728 1591 914 1675 Latitudo
946 1592 1077 1698 pundri
1113 1617 1153 1672 c.
1214 1595 1292 1694 Per*
1312 1596 1484 1679 Telluris·
1533 1582 1588 1657 ⁸³·
1607 1595 1633 1632 ²·

175 1708 363 1821 pundium
391 1732 435 1801 s,
462 1707 523 1789 cui
550 1705 620 1789 Sol
647 1704 1015 1816 perpendiculariter
1040 1704 1216 1788 imminet
1246 1747 1268 1803 ,·
1293 1712 1333 1788 δι
1362 1737 1483 1821 punc-

177 1845 303 1904 tumc
338 1817 531 1902 tradudlus
555 1819 791 1931 intelligatur
815 1819 980 1902 circulus
1010 1821 1198 1902 maximus
1226 1845 1250 1910 a
1277 1845 1336 1918 e,
1384 1824 1479 1934 qui,
1533 1813 1535 1820 ’

178 1934 220 2022 in
244 1926 435 2014 schemate
465 1959 509 2016 ut
536 1929 646 2045 supra
672 1934 870 2017 delineato
905 1989 921 2030 ,
983 1929 1090 2043 quast
1131 1935 1231 2015 resia
1263 1937 1478 2046 apparebit}

177 2049 384 2148 Ducuntur
416 2047 532 2130 etiam
572 2074 683 2131 arcus
713 2047 946 2130 circulorum
980 2045 1236 2130 maximorum
1264 2071 1371 2146 ee,
1407 2077 1477 2131 ez.

54 2157 60 2166 ’
176 2163 223 2245 In
246 2160 441 2270 triangulo
462 2155 644 2272 sphaerico
678 2186 772 2244 esz
796 2160 938 2243 dantur
966 2159 1038 2248 tria
1073 2159 1214 2244 latera,
1242 2155 1292 2242 sc.
1321 2185 1378 2244 et
1410 2156 1481 2244 dis·

177 2271 301 2360 tantia
324 2273 426 2355 Solis
461 2270 483 2355 d
511 2275 612 2356 Polo
640 2273 860 2356 illuminato
874 2330 889 2370 ,
916 2297 974 2353 sz
999 2270 1221 2384 quadrans,
1247 2279 1289 2356 de
1322 2301 1379 2356 ns
1411 2271 1481 2358 dis·

178 2386 301 2471 tantia
331 2384 417 2467 Poli
455 2385 690 2498 Eclipricaez
725 2387 853 2494 (cum
877 2379 1079 2468 'arcus'sz
1122 2385 1166 2468 fit
1208 2387 1393 2470 normalis
1428 2387 1480 2472 ad

180 2499 408 2611 Eclipticam
459 2527 564 2582 terr
592 2505 631 2582 δι
670 2500 714 2582 in
747 2498 1004 2612 quadrantem
1035 2495 1285 2610 protensus)
1324 2499 1347 2583 d
1380 2502 1480 2586 Polo

181 2611 404 2725 AEquatoris
432 2641 474 2702 er
507 2609 717 2698 innotescit
734 2615 849 2725 igitur
879 2611 1042 2722 angulus
1068 2607 1267 2722 sphaericus
1287 2615 1388 2697 inter
1422 2640 1483 2696 ar-

182 2753 248 2826 cus
272 2724 502 2808 circulorum
518 2754 535 2809 s
553 2753 602 2824 e,
629 2751 716 2825 sz,
760 2727 830 2837 qui
849 2723 953 2809 idem
979 2724 1034 2806 est
1060 2751 1147 2807 cum
1174 2727 1320 2837 angulo
1344 2727 1480 2810 rediili·

182 2867 262 2928 neo
294 2835 396 2922 inter
425 2842 544 2923 rectas
565 2870 582 2924 s
603 2864 646 2936 e,
671 2863 729 2922 sz
759 2840 800 2921 in
825 2840 943 2948 plano
957 2831 1060 2919 Disei
1082 2836 1216 2922 ducias
1235 2871 1247 2928 3
1282 2837 1379 2923 srcut
1397 2841 1480 2923 uni·

180 2946 376 3040 versaliter
404 2955 566 3064 angulus
589 2953 631 3034 in
658 2948 854 3064 superficie
887 2947 1037 3064 sphaerae
1068 2952 1224 3063 equalis
1252 2953 1311 3036 est
1336 2955 1479 3064 angulo

175 3064 375 3155 redilineo
406 3123 420 3163 ,
454 3093 572 3176 quem
596 3093 827 3150 communes
853 3060 1043 3150 sectiones
1079 3065 1282 3176 planorum
1318 3067 1480 3148 circulo·

176 3207 262 3268 rum
294 3173 512 3291 sphaericum
549 3179 733 3290 angulum
771 3176 1185 3292 comprehendentium
1225 3207 1313 3261 cum
1361 3181 1480 3291 plano

178 3294 297 3382 terrio
322 3289 372 3374 ad
407 3317 613 3402 utrumque
644 3293 806 3375 normali
841 3292 1057 3376 continent.
1118 3297 1240 3374 Porro
1276 3298 1379 3403 (per
1399 3295 1482 3376 Co·

177 3409 255 3495 rol.
282 3408 397 3518 Prop.
419 3429 446 3486 x
465 3429 516 3488 ιι
536 3413 596 3504 ι.)
623 3403 735 3487 datur
770 3406 929 3515 angulus
970 3404 1183 3486 rectilineus
1212 3427 1276 3486 us
1295 3429 1322 3484 a
1366 3405 1481 3514 eique

181 3519 365 3632 deinceps
388 3545 441 3600 zs
460 3543 485 3598 c
506 3575 519 3617 ‚
544 3515 726 3629 adeoque
751 3517 861 3620 hujus
888 3522 927 3598 δι
962 3513 1075 3626 ipsius
1108 3541 1203 3598 zsr
1232 3511 1376 3599 summa
1415 3517 1481 3600 vel

182 3631 399 3720 differentia
424 3655 445 3712 r
462 3659 481 3713 s
498 3649 551 3728 c',
578 3628 655 3712 five
691 3630 851 3739 angulus
872 3625 1070 3741 spherieas
1097 3631 1136 3713 in
1165 3623 1361 3741 superficie
1394 3636 1481 3713 Ter·

182 3776 232 3834 ιιι
261 3746 287 3830 d
315 3745 464 3828 circulis
493 3746 579 3842 se,
605 3770 665 3826 sc
706 3735 1032 3853 comprehensus:
1096 3746 1251 3825 Dantur
1276 3766 1406 3824 autem
1440 3745 1481 3824 in

184 3861 377 3970 triangulo
396 3852 577 3972 spherico
609 3882 701 3943 esc
725 3879 859 3967 praeter
883 3856 1065 3968 angulum
1099 3879 1202 3938 esc
1250 3853 1373 3939 modo
1423 3856 1482 3937 in-

186 3997 348 4058 ventum
372 3973 494 4057 latera
520 3995 605 4067 sn,
631 3997 720 4065 sc,
745 3995 913 4080 quorum
943 3974 1020 4050 hoc
1047 3969 1099 4050 est
1126 3967 1349 4079 quadrans,
1384 3965 1482 4049 illud

189 4087 364 4174 distantia
388 4087 484 4169 Loci
510 4109 535 4167 c
566 4081 590 4166 i
617 4085 716 4167 Polo
737 4113 792 4180 e,
818 4081 990 4177 horest,
1016 4079 1244 4162 latitudinis
1273 4083 1353 4185 ejus
1375 4107 1482 4162 com·
1582 4141 1585 4150 .

189 4203 457 4316 plementumr
504 4198 665 4308 angulus
695 4196 808 4306 igitur
833 4219 936 4278 sec
964 4195 1080 4275 eriam
1102 4195 1141 4274 in
1176 4194 1371 4305 triangulo
1404 4194 1481 4275 hoc

189 4313 361 4398 dabitur.
416 4309 493 4394 Sed
527 4311 628 4421 (per
645 4315 761 4420 Prop.
785 4309 945 4418 xum.)
981 4306 1095 4388 datur
1123 4312 1293 4417 Tempus
1321 4305 1481 4418 quando

191 4423 411 4516 Penumbra
431 4424 546 4506 Lunae
575 4415 733 4506 Discum
749 4427 875 4504 Terrae
900 4421 1025 4534 primo
1048 4420 1088 4500 in
1117 4447 1145 4501 c
1175 4422 1373 4530 attingit,
1415 4447 1483 4502 nu-

192 4563 382 4628 meratum
404 4539 442 4618 in
463 4538 720 4622 determinato
744 4535 917 4646 quodam
945 4535 1037 4616 loco
1067 4563 1077 4610 ε
1120 4530 1164 4614 fit
1193 4534 1303 4619 locus
1327 4535 1389 4615 hic
1418 4557 1481 4629 u,

193 4657 301 4764 cujus
329 4648 564 4734 meridianus
584 4681 605 4733 ι
624 4673 651 4731 u
670 4680 680 4739 ι
723 4648 877 4736 dabitur
900 4650 1014 4762 igitur
1036 4647 1200 4756 angulus
1225 4675 1243 4732 s
1263 4673 1283 4728 ι
1304 4671 1330 4728 u
1355 4703 1369 4742 ‚
1408 4671 1491 4756 quo

282 4763 438 4875 Gregori
453 4763 551 4871 Λβι.
578 4759 680 4847 Tam.
705 4764 764 4846 ΙΙ.
1092 4761 1131 4860 Q
1353 4784 1493 4871 nempe
