<?xml version="1.0" encoding="UTF-8"?>
<!DOCTYPE html PUBLIC "-//W3C//DTD XHTML 1.0 Transitional//EN"
    "http://www.w3.org/TR/xhtml1/DTD/xhtml1-transitional.dtd">
<html xmlns="http://www.w3.org/1999/xhtml" xml:lang="en" lang="en">
 <head>
  <title>
</title>
<meta http-equiv="Content-Type" content="text/html;charset=utf-8" />
  <meta name='ocr-system' content='tesseract 3.04.00' />
  <meta name='ocr-capabilities' content='ocr_page ocr_carea ocr_par ocr_line ocrx_word'/>
</head>
<body>
  <div class='ocr_page' id='page_1' title='image "./davidisgregorii00huargoog_0393.png"; bbox 0 0 4322 5686; ppageno 0'>
   <div class='ocr_carea' id='block_1_1' title="bbox 730 489 1865 641">
    <p class='ocr_par' dir='ltr' id='par_1_1' title="bbox 730 489 1865 641">
     <span class='ocr_line' id='line_1_1' title="bbox 730 489 1865 641; baseline -0.011 -20"><span class='ocrx_word' id='word_1_1' title='bbox 730 530 800 641; x_wconf 61' lang='grc' dir='ltr'>μζ</span> <span class='ocrx_word' id='word_1_2' title='bbox 877 489 1465 620; x_wconf 55' lang='lat' dir='ltr'>&#39;astronomo</span> <span class='ocrx_word' id='word_1_3' title='bbox 1512 535 1865 616; x_wconf 64' lang='lat' dir='ltr'>rnrrrcae</span> 
     </span>
    </p>
   </div>
   <div class='ocr_carea' id='block_1_2' title="bbox 664 666 2052 2308">
    <p class='ocr_par' dir='ltr' id='par_1_2' title="bbox 664 666 2052 2308">
     <span class='ocr_line' id='line_1_2' title="bbox 724 666 2042 790; baseline -0.007 -22"><span class='ocrx_word' id='word_1_4' title='bbox 724 684 899 768; x_wconf 49' lang='lat' dir='ltr'>*medium</span> <span class='ocrx_word' id='word_1_5' title='bbox 940 708 1079 790; x_wconf 86' lang='lat' dir='ltr'><strong>nempe</strong></span> <span class='ocrx_word' id='word_1_6' title='bbox 1121 678 1219 760; x_wconf 89' lang='lat' dir='ltr'>inter</span> <span class='ocrx_word' id='word_1_7' title='bbox 1261 698 1453 758; x_wconf 85' lang='lat' dir='ltr'>extremos</span> <span class='ocrx_word' id='word_1_8' title='bbox 1494 699 1595 790; x_wconf 82' lang='lat' dir='ltr'>quos</span> <span class='ocrx_word' id='word_1_9' title='bbox 1632 666 1806 761; x_wconf 67' lang='lat' dir='ltr'>ubrando</span> <span class='ocrx_word' id='word_1_10' title='bbox 1846 673 2042 788; x_wconf 80' lang='lat' dir='ltr'>attingit,</span> 
     </span>
     <span class='ocr_line' id='line_1_3' title="bbox 704 779 2043 901; baseline -0.009 -25"><span class='ocrx_word' id='word_1_11' title='bbox 704 806 712 812; x_wconf 90' lang='grc'>”</span> <span class='ocrx_word' id='word_1_12' title='bbox 733 789 880 876; x_wconf 86' lang='lat' dir='ltr'>reversa</span> <span class='ocrx_word' id='word_1_13' title='bbox 908 796 924 890; x_wconf 90' lang='lat'>(</span> <span class='ocrx_word' id='word_1_14' title='bbox 953 819 1034 901; x_wconf 92' lang='lat' dir='ltr'>quo</span> <span class='ocrx_word' id='word_1_15' title='bbox 1064 787 1245 896; x_wconf 87' lang='lat' dir='ltr'>temporis</span> <span class='ocrx_word' id='word_1_16' title='bbox 1282 779 1403 893; x_wconf 85' lang='lat' dir='ltr'>spatio</span> <span class='ocrx_word' id='word_1_17' title='bbox 1430 816 1477 870; x_wconf 85' lang='lat' dir='ltr'>ex</span> <span class='ocrx_word' id='word_1_18' title='bbox 1505 783 1661 870; x_wconf 81' lang='lat' dir='ltr'>minima</span> <span class='ocrx_word' id='word_1_19' title='bbox 1687 781 1731 865; x_wconf 91' lang='lat' dir='ltr'>fit</span> <span class='ocrx_word' id='word_1_20' title='bbox 1759 786 1925 868; x_wconf 78' lang='lat' dir='ltr'>maxima</span> <span class='ocrx_word' id='word_1_21' title='bbox 1948 848 1961 884; x_wconf 88' lang='lat'>,</span> <span class='ocrx_word' id='word_1_22' title='bbox 2002 789 2043 864; x_wconf 76' lang='grc' dir='ltr'>δε</span> 
     </span>
     <span class='ocr_line' id='line_1_4' title="bbox 733 888 2045 1009; baseline -0.008 -25"><span class='ocrx_word' id='word_1_23' title='bbox 733 900 852 984; x_wconf 87' lang='lat' dir='ltr'>rursus</span> <span class='ocrx_word' id='word_1_24' title='bbox 892 900 941 981; x_wconf 80' lang='lat' dir='ltr'>ad</span> <span class='ocrx_word' id='word_1_25' title='bbox 969 901 1146 1009; x_wconf 87' lang='lat' dir='ltr'>priorem</span> <span class='ocrx_word' id='word_1_26' title='bbox 1203 888 1364 1002; x_wconf 87' lang='lat' dir='ltr'>speciem</span> <span class='ocrx_word' id='word_1_27' title='bbox 1412 897 1608 976; x_wconf 74' lang='lat' dir='ltr'>minimam</span> <span class='ocrx_word' id='word_1_28' title='bbox 1646 892 1743 975; x_wconf 86' lang='lat' dir='ltr'>redit</span> <span class='ocrx_word' id='word_1_29' title='bbox 1782 893 1798 986; x_wconf 89' lang='lat'><em>)</em></span> <span class='ocrx_word' id='word_1_30' title='bbox 1840 895 2045 998; x_wconf 71' lang='lat' dir='ltr'>conjunde</span> 
     </span>
     <span class='ocr_line' id='line_1_5' title="bbox 729 994 2044 1112; baseline -0.008 -19"><span class='ocrx_word' id='word_1_31' title='bbox 729 1011 926 1094; x_wconf 73' lang='lat' dir='ltr'>uidebitur</span> <span class='ocrx_word' id='word_1_32' title='bbox 954 1036 1041 1090; x_wconf 87' lang='lat' dir='ltr'>curn</span> <span class='ocrx_word' id='word_1_33' title='bbox 1082 1006 1180 1088; x_wconf 78' lang='lat' dir='ltr'>Fixis</span> <span class='ocrx_word' id='word_1_34' title='bbox 1223 1003 1342 1112; x_wconf 85' lang='lat' dir='ltr'>magis</span> <span class='ocrx_word' id='word_1_35' title='bbox 1372 1001 1659 1098; x_wconf 80' lang='lat' dir='ltr'>orientalibus,</span> <span class='ocrx_word' id='word_1_36' title='bbox 1716 1029 1831 1110; x_wconf 76' lang='lat' dir='ltr'>quun</span> <span class='ocrx_word' id='word_1_37' title='bbox 1859 994 1944 1086; x_wconf 92' lang='lat' dir='ltr'>sunt</span> <span class='ocrx_word' id='word_1_38' title='bbox 1973 1003 2044 1084; x_wconf 83' lang='lat' dir='ltr'>ilsae</span> 
     </span>
     <span class='ocr_line' id='line_1_6' title="bbox 733 1106 2046 1230; baseline -0.008 -29"><span class='ocrx_word' id='word_1_39' title='bbox 733 1111 954 1230; x_wconf 71' lang='lat' dir='ltr'>qurbuscum</span> <span class='ocrx_word' id='word_1_40' title='bbox 981 1116 1086 1226; x_wconf 83' lang='lat' dir='ltr'>jungi</span> <span class='ocrx_word' id='word_1_41' title='bbox 1114 1110 1318 1195; x_wconf 84' lang='lat' dir='ltr'>videbatur</span> <span class='ocrx_word' id='word_1_42' title='bbox 1345 1106 1431 1192; x_wconf 82' lang='lat' dir='ltr'>citrn</span> <span class='ocrx_word' id='word_1_43' title='bbox 1459 1112 1558 1220; x_wconf 83' lang='lat' dir='ltr'>prius</span> <span class='ocrx_word' id='word_1_44' title='bbox 1586 1113 1625 1193; x_wconf 93' lang='lat' dir='ltr'>in</span> <span class='ocrx_word' id='word_1_45' title='bbox 1654 1111 1793 1192; x_wconf 88' lang='lat' dir='ltr'>eodem</span> <span class='ocrx_word' id='word_1_46' title='bbox 1821 1137 2046 1220; x_wconf 77' lang='lat' dir='ltr'>appareret:</span> 
     </span>
     <span class='ocr_line' id='line_1_7' title="bbox 733 1217 2048 1338; baseline -0.008 -28"><span class='ocrx_word' id='word_1_47' title='bbox 733 1251 849 1338; x_wconf 85' lang='lat' dir='ltr'>atque</span> <span class='ocrx_word' id='word_1_48' title='bbox 879 1221 997 1308; x_wconf 88' lang='lat' dir='ltr'>rursus</span> <span class='ocrx_word' id='word_1_49' title='bbox 1026 1223 1109 1334; x_wconf 92' lang='lat' dir='ltr'>post</span> <span class='ocrx_word' id='word_1_50' title='bbox 1136 1217 1355 1331; x_wconf 86' lang='lat' dir='ltr'>sequentem</span> <span class='ocrx_word' id='word_1_51' title='bbox 1384 1219 1434 1301; x_wconf 83' lang='lat' dir='ltr'>ad</span> <span class='ocrx_word' id='word_1_52' title='bbox 1461 1219 1724 1302; x_wconf 87' lang='lat' dir='ltr'>orientaliores</span> <span class='ocrx_word' id='word_1_53' title='bbox 1754 1249 1765 1306; x_wconf 71' lang='grc' dir='ltr'><strong><em>ς</em></strong></span> <span class='ocrx_word' id='word_1_54' title='bbox 1805 1223 1845 1299; x_wconf 78' lang='grc' dir='ltr'>δι</span> <span class='ocrx_word' id='word_1_55' title='bbox 1872 1224 1926 1303; x_wconf 83' lang='lat' dir='ltr'>ita</span> <span class='ocrx_word' id='word_1_56' title='bbox 1953 1246 2048 1329; x_wconf 91' lang='lat' dir='ltr'>por-</span> 
     </span>
     <span class='ocr_line' id='line_1_8' title="bbox 734 1325 2049 1443; baseline -0.008 -25"><span class='ocrx_word' id='word_1_57' title='bbox 734 1364 777 1418; x_wconf 95' lang='lat' dir='ltr'>ro</span> <span class='ocrx_word' id='word_1_58' title='bbox 808 1370 828 1432; x_wconf 87' lang='lat'>,·</span> <span class='ocrx_word' id='word_1_59' title='bbox 864 1334 991 1419; x_wconf 87' lang='lat' dir='ltr'>donec</span> <span class='ocrx_word' id='word_1_60' title='bbox 1033 1333 1118 1443; x_wconf 85' lang='lat' dir='ltr'>post</span> <span class='ocrx_word' id='word_1_61' title='bbox 1145 1355 1290 1412; x_wconf 88' lang='lat' dir='ltr'>novem</span> <span class='ocrx_word' id='word_1_62' title='bbox 1328 1325 1406 1410; x_wconf 72' lang='lat' dir='ltr'>sere</span> <span class='ocrx_word' id='word_1_63' title='bbox 1434 1353 1554 1410; x_wconf 83' lang='lat' dir='ltr'>annos</span> <span class='ocrx_word' id='word_1_64' title='bbox 1582 1327 1715 1409; x_wconf 84' lang='lat' dir='ltr'>Volva</span> <span class='ocrx_word' id='word_1_65' title='bbox 1741 1332 1782 1408; x_wconf 91' lang='lat'><strong>&amp;</strong></span> <span class='ocrx_word' id='word_1_66' title='bbox 1820 1329 1979 1410; x_wconf 80' lang='lat' dir='ltr'>minima</span> <span class='ocrx_word' id='word_1_67' title='bbox 2007 1333 2049 1408; x_wconf 77' lang='lat' dir='ltr'>oc</span> 
     </span>
     <span class='ocr_line' id='line_1_9' title="bbox 734 1435 2051 1542; baseline -0.008 -15"><span class='ocrx_word' id='word_1_68' title='bbox 734 1441 863 1527; x_wconf 89' lang='lat' dir='ltr'>iisdem</span> <span class='ocrx_word' id='word_1_69' title='bbox 892 1445 990 1524; x_wconf 84' lang='lat' dir='ltr'>Fixis</span> <span class='ocrx_word' id='word_1_70' title='bbox 1019 1441 1218 1542; x_wconf 74' lang='lat' dir='ltr'>conjunda</span> <span class='ocrx_word' id='word_1_71' title='bbox 1248 1435 1423 1519; x_wconf 84' lang='lat' dir='ltr'>videatur</span> <span class='ocrx_word' id='word_1_72' title='bbox 1451 1494 1464 1532; x_wconf 91' lang='lat'>,</span> <span class='ocrx_word' id='word_1_73' title='bbox 1501 1440 1540 1516; x_wconf 75' lang='grc' dir='ltr'>δι</span> <span class='ocrx_word' id='word_1_74' title='bbox 1568 1437 1607 1516; x_wconf 95' lang='lat' dir='ltr'>in</span> <span class='ocrx_word' id='word_1_75' title='bbox 1637 1436 1794 1542; x_wconf 83' lang='lat' dir='ltr'>proprio</span> <span class='ocrx_word' id='word_1_76' title='bbox 1823 1437 1963 1518; x_wconf 87' lang='lat' dir='ltr'>circulo</span> <span class='ocrx_word' id='word_1_77' title='bbox 1995 1437 2051 1516; x_wconf 88' lang='lat' dir='ltr'>la-</span> 
     </span>
     <span class='ocr_line' id='line_1_10' title="bbox 664 1539 2051 1656; baseline -0.008 -21"><span class='ocrx_word' id='word_1_78' title='bbox 664 1643 668 1652; x_wconf 57' lang='grc'>,</span> <span class='ocrx_word' id='word_1_79' title='bbox 725 1551 934 1648; x_wconf 75' lang='lat' dir='ltr'>titudinis,</span> <span class='ocrx_word' id='word_1_80' title='bbox 953 1551 1041 1632; x_wconf 91' lang='lat' dir='ltr'>inde</span> <span class='ocrx_word' id='word_1_81' title='bbox 1070 1547 1119 1631; x_wconf 88' lang='lat' dir='ltr'>ad</span> <span class='ocrx_word' id='word_1_82' title='bbox 1147 1539 1320 1628; x_wconf 82' lang='lat' dir='ltr'>occasum</span> <span class='ocrx_word' id='word_1_83' title='bbox 1347 1573 1440 1626; x_wconf 85' lang='lat' dir='ltr'>mox</span> <span class='ocrx_word' id='word_1_84' title='bbox 1467 1543 1666 1626; x_wconf 80' lang='lat' dir='ltr'>liberando</span> <span class='ocrx_word' id='word_1_85' title='bbox 1693 1539 1904 1656; x_wconf 76' lang='lat' dir='ltr'>digressum.</span> <span class='ocrx_word' id='word_1_86' title='bbox 1965 1547 2051 1624; x_wconf 69' lang='lat' dir='ltr'>Ve-</span> 
     </span>
     <span class='ocr_line' id='line_1_11' title="bbox 738 1649 2051 1762; baseline -0.008 -20"><span class='ocrx_word' id='word_1_87' title='bbox 738 1689 821 1742; x_wconf 89' lang='lat' dir='ltr'>rum</span> <span class='ocrx_word' id='word_1_88' title='bbox 850 1683 984 1741; x_wconf 87' lang='lat' dir='ltr'>natura</span> <span class='ocrx_word' id='word_1_89' title='bbox 1022 1656 1156 1742; x_wconf 80' lang='lat' dir='ltr'>har&#39;ut&#39;n</span> <span class='ocrx_word' id='word_1_90' title='bbox 1185 1651 1447 1736; x_wconf 85' lang='lat' dir='ltr'>Librationutn</span> <span class='ocrx_word' id='word_1_91' title='bbox 1474 1650 1543 1734; x_wconf 87' lang='lat' dir='ltr'>fibi</span> <span class='ocrx_word' id='word_1_92' title='bbox 1582 1649 1647 1760; x_wconf 89' lang='lat' dir='ltr'>ipsr</span> <span class='ocrx_word' id='word_1_93' title='bbox 1676 1675 1863 1762; x_wconf 87' lang='lat' dir='ltr'>perpetuo</span> <span class='ocrx_word' id='word_1_94' title='bbox 1890 1653 2051 1762; x_wconf 79' lang='lat' dir='ltr'>aequalis</span> 
     </span>
     <span class='ocr_line' id='line_1_12' title="bbox 735 1759 2052 1876; baseline -0.009 -24"><span class='ocrx_word' id='word_1_95' title='bbox 735 1767 1081 1876; x_wconf 81' lang='lat' dir='ltr'>deprehenditur,</span> <span class='ocrx_word' id='word_1_96' title='bbox 1135 1759 1199 1846; x_wconf 89' lang='lat' dir='ltr'>sed</span> <span class='ocrx_word' id='word_1_97' title='bbox 1237 1761 1409 1848; x_wconf 87' lang='lat' dir='ltr'>Libratio</span> <span class='ocrx_word' id='word_1_98' title='bbox 1447 1762 1486 1842; x_wconf 92' lang='lat' dir='ltr'>in</span> <span class='ocrx_word' id='word_1_99' title='bbox 1525 1759 1762 1841; x_wconf 75' lang='lat' dir='ltr'>latitudinem</span> <span class='ocrx_word' id='word_1_100' title='bbox 1801 1761 1967 1847; x_wconf 81' lang='lat' dir='ltr'>maxima</span> <span class='ocrx_word' id='word_1_101' title='bbox 1996 1760 2052 1841; x_wconf 90' lang='lat' dir='ltr'>est</span> 
     </span>
     <span class='ocr_line' id='line_1_13' title="bbox 726 1863 2050 1982; baseline -0.007 -23"><span class='ocrx_word' id='word_1_102' title='bbox 726 1877 914 1971; x_wconf 79' lang='lat' dir='ltr'>diebus,</span> <span class='ocrx_word' id='word_1_103' title='bbox 961 1873 1029 1976; x_wconf 79' lang='lat' dir='ltr'>q&#39;ui</span> <span class='ocrx_word' id='word_1_104' title='bbox 1055 1872 1105 1956; x_wconf 82' lang='lat' dir='ltr'>ab</span> <span class='ocrx_word' id='word_1_105' title='bbox 1134 1868 1338 1982; x_wconf 82' lang='lat' dir='ltr'>Eclipfibus</span> <span class='ocrx_word' id='word_1_106' title='bbox 1369 1865 1600 1951; x_wconf 88' lang='lat' dir='ltr'>remotissrmi</span> <span class='ocrx_word' id='word_1_107' title='bbox 1626 1863 1747 1950; x_wconf 90' lang='lat' dir='ltr'>sunt:</span> <span class='ocrx_word' id='word_1_108' title='bbox 1805 1873 1844 1950; x_wconf 75' lang='grc' dir='ltr'>δι</span> <span class='ocrx_word' id='word_1_109' title='bbox 1873 1868 2050 1950; x_wconf 84' lang='lat' dir='ltr'>Libratio</span> 
     </span>
     <span class='ocr_line' id='line_1_14' title="bbox 725 1971 2051 2094; baseline -0.01 -26"><span class='ocrx_word' id='word_1_110' title='bbox 725 1987 775 2068; x_wconf 54' lang='lat' dir='ltr'>&#39;in</span> <span class='ocrx_word' id='word_1_111' title='bbox 804 1981 1082 2094; x_wconf 82' lang='lat' dir='ltr'>longitudinem</span> <span class='ocrx_word' id='word_1_112' title='bbox 1110 1979 1275 2062; x_wconf 82' lang='lat' dir='ltr'>maxima</span> <span class='ocrx_word' id='word_1_113' title='bbox 1302 1981 1354 2061; x_wconf 88' lang='lat' dir='ltr'>est</span> <span class='ocrx_word' id='word_1_114' title='bbox 1384 2036 1396 2074; x_wconf 86' lang='lat'>‚</span> <span class='ocrx_word' id='word_1_115' title='bbox 1454 1971 1540 2057; x_wconf 78' lang='lat' dir='ltr'>cinn</span> <span class='ocrx_word' id='word_1_116' title='bbox 1571 1976 1704 2057; x_wconf 86' lang='lat' dir='ltr'>Volva</span> <span class='ocrx_word' id='word_1_117' title='bbox 1730 1977 1770 2056; x_wconf 96' lang='lat' dir='ltr'>in</span> <span class='ocrx_word' id='word_1_118' title='bbox 1797 1971 1952 2086; x_wconf 79' lang='lat' dir='ltr'>syzygia</span> <span class='ocrx_word' id='word_1_119' title='bbox 1980 1979 2051 2058; x_wconf 88' lang='lat' dir='ltr'>So-</span> 
     </span>
     <span class='ocr_line' id='line_1_15' title="bbox 736 2079 2050 2199; baseline -0.006 -25"><span class='ocrx_word' id='word_1_120' title='bbox 736 2093 780 2174; x_wconf 89' lang='lat' dir='ltr'>lis</span> <span class='ocrx_word' id='word_1_121' title='bbox 810 2091 976 2173; x_wconf 83' lang='lat' dir='ltr'>maxima</span> <span class='ocrx_word' id='word_1_122' title='bbox 1015 2111 1171 2199; x_wconf 42' lang='lat' dir='ltr'>wapparet</span> <span class='ocrx_word' id='word_1_123' title='bbox 1214 2087 1278 2167; x_wconf 92' lang='lat' dir='ltr'>vel</span> <span class='ocrx_word' id='word_1_124' title='bbox 1318 2085 1474 2167; x_wconf 83' lang='lat' dir='ltr'>minima</span> <span class='ocrx_word' id='word_1_125' title='bbox 1512 2115 1524 2171; x_wconf 84' lang='lat'>3</span> <span class='ocrx_word' id='word_1_126' title='bbox 1580 2083 1734 2165; x_wconf 85' lang='lat' dir='ltr'>minima</span> <span class='ocrx_word' id='word_1_127' title='bbox 1779 2081 1919 2182; x_wconf 79' lang='lat' dir='ltr'>vero,</span> <span class='ocrx_word' id='word_1_128' title='bbox 1964 2079 2050 2166; x_wconf 82' lang='lat' dir='ltr'>ciun</span> 
     </span>
     <span class='ocr_line' id='line_1_16' title="bbox 737 2188 1890 2308; baseline -0.008 -24"><span class='ocrx_word' id='word_1_129' title='bbox 737 2202 871 2284; x_wconf 76' lang='lat' dir='ltr'>Volva</span> <span class='ocrx_word' id='word_1_130' title='bbox 899 2197 1063 2282; x_wconf 84' lang='lat' dir='ltr'>maxima</span> <span class='ocrx_word' id='word_1_131' title='bbox 1091 2197 1156 2283; x_wconf 90' lang='lat' dir='ltr'>vel</span> <span class='ocrx_word' id='word_1_132' title='bbox 1182 2195 1339 2279; x_wconf 83' lang='lat' dir='ltr'>minima</span> <span class='ocrx_word' id='word_1_133' title='bbox 1366 2193 1419 2278; x_wconf 85' lang='lat' dir='ltr'>est</span> <span class='ocrx_word' id='word_1_134' title='bbox 1445 2192 1485 2273; x_wconf 92' lang='lat' dir='ltr'>in</span> <span class='ocrx_word' id='word_1_135' title='bbox 1513 2191 1612 2278; x_wconf 83' lang='lat' dir='ltr'>Solis</span> <span class='ocrx_word' id='word_1_136' title='bbox 1639 2188 1845 2308; x_wconf 82' lang='lat' dir='ltr'>quadrato.</span> <span class='ocrx_word' id='word_1_137' title='bbox 1889 2227 1890 2230; x_wconf 36' lang='lat'>¹</span> 
     </span>
    </p>
   </div>
   <div class='ocr_carea' id='block_1_3' title="bbox 1068 2420 1784 2592">
    <p class='ocr_par' dir='ltr' id='par_1_3' title="bbox 1068 2420 1784 2592">
     <span class='ocr_line' id='line_1_17' title="bbox 1068 2420 1784 2592; baseline -0.018 -33"><span class='ocrx_word' id='word_1_138' title='bbox 1068 2443 1608 2592; x_wconf 61' lang='lat' dir='ltr'>tnorosfrrro</span> <span class='ocrx_word' id='word_1_139' title='bbox 1657 2447 1716 2548; x_wconf 85' lang='lat' dir='ltr'>x.</span> <span class='ocrx_word' id='word_1_140' title='bbox 1777 2420 1784 2428; x_wconf 82' lang='lat'>&#39;</span> 
     </span>
    </p>
   </div>
   <div class='ocr_carea' id='block_1_4' title="bbox 738 2689 2052 2930">
    <p class='ocr_par' dir='ltr' id='par_1_4' title="bbox 738 2689 2052 2930">
     <span class='ocr_line' id='line_1_18' title="bbox 738 2689 2052 2819; baseline -0.016 -27"><span class='ocrx_word' id='word_1_141' title='bbox 738 2707 979 2792; x_wconf 77' lang='lat' dir='ltr'>annomena</span> <span class='ocrx_word' id='word_1_142' title='bbox 1009 2714 1118 2819; x_wconf 80' lang='lat' dir='ltr'>praeci</span> <span class='ocrx_word' id='word_1_143' title='bbox 1140 2735 1190 2790; x_wconf 82' lang='lat' dir='ltr'>ua</span> <span class='ocrx_word' id='word_1_144' title='bbox 1226 2699 1348 2785; x_wconf 85' lang='lat' dir='ltr'><em>Oculo</em></span> <span class='ocrx_word' id='word_1_145' title='bbox 1387 2707 1429 2781; x_wconf 87' lang='lat' dir='ltr'>in</span> <span class='ocrx_word' id='word_1_146' title='bbox 1465 2695 1580 2806; x_wconf 86' lang='lat' dir='ltr'>Jove·</span> <span class='ocrx_word' id='word_1_147' title='bbox 1611 2715 1678 2780; x_wconf 81' lang='lat' dir='ltr'>aut</span> <span class='ocrx_word' id='word_1_148' title='bbox 1716 2689 1879 2779; x_wconf 73' lang='lat' dir='ltr'>Saturni</span> <span class='ocrx_word' id='word_1_149' title='bbox 1906 2691 2052 2777; x_wconf 75' lang='lat' dir='ltr'>Satelli-</span> 
     </span>
     <span class='ocr_line' id='line_1_19' title="bbox 778 2732 1509 2930; baseline -0.015 -28"><span class='ocrx_word' id='word_1_150' title='bbox 778 2846 871 2902; x_wconf 82' lang='lat' dir='ltr'>·tum</span> <span class='ocrx_word' id='word_1_151' title='bbox 898 2821 1026 2930; x_wconf 79' lang='lat' dir='ltr'>aliquo</span> <span class='ocrx_word' id='word_1_152' title='bbox 1047 2732 1157 2925; x_wconf 54' lang='lat' dir='ltr'>pastio</span> <span class='ocrx_word' id='word_1_153' title='bbox 1185 2811 1269 2920; x_wconf 65' lang='lat' dir='ltr'>viſst</span> <span class='ocrx_word' id='word_1_154' title='bbox 1297 2807 1509 2920; x_wconf 69' lang='lat' dir='ltr'>describere.</span> 
     </span>
    </p>
   </div>
   <div class='ocr_carea' id='block_1_5' title="bbox 737 3027 2057 3588">
    <p class='ocr_par' dir='ltr' id='par_1_5' title="bbox 737 3027 2057 3588">
     <span class='ocr_line' id='line_1_20' title="bbox 737 3027 2053 3230; baseline -0.007 -95"><span class='ocrx_word' id='word_1_155' title='bbox 737 3055 1049 3230; x_wconf 79' lang='lat' dir='ltr'>PHaenomena</span> <span class='ocrx_word' id='word_1_156' title='bbox 1075 3047 1173 3132; x_wconf 86' lang='lat' dir='ltr'>Solis</span> <span class='ocrx_word' id='word_1_157' title='bbox 1210 3047 1449 3156; x_wconf 85' lang='lat' dir='ltr'>aliorumque</span> <span class='ocrx_word' id='word_1_158' title='bbox 1475 3043 1719 3127; x_wconf 81' lang='lat' dir='ltr'>Planetorum</span> <span class='ocrx_word' id='word_1_159' title='bbox 1750 3027 2053 3170; x_wconf 70' lang='lat' dir='ltr'>primariorum,</span> 
     </span>
     <span class='ocr_line' id='line_1_21' title="bbox 840 3153 2054 3270; baseline -0.005 -30"><span class='ocrx_word' id='word_1_160' title='bbox 840 3183 975 3270; x_wconf 74' lang='lat' dir='ltr'>pruter</span> <span class='ocrx_word' id='word_1_161' title='bbox 1002 3155 1136 3252; x_wconf 80' lang='lat' dir='ltr'>suurn,</span> <span class='ocrx_word' id='word_1_162' title='bbox 1166 3183 1213 3236; x_wconf 84' lang='lat' dir='ltr'>ex</span> <span class='ocrx_word' id='word_1_163' title='bbox 1241 3155 1349 3258; x_wconf 85' lang='lat' dir='ltr'>Jovis</span> <span class='ocrx_word' id='word_1_164' title='bbox 1380 3177 1445 3236; x_wconf 83' lang='lat' dir='ltr'>aut</span> <span class='ocrx_word' id='word_1_165' title='bbox 1472 3155 1622 3237; x_wconf 85' lang='lat' dir='ltr'>Saturni</span> <span class='ocrx_word' id='word_1_166' title='bbox 1636 3153 1804 3236; x_wconf 88' lang='lat' dir='ltr'>Satelhte</span> <span class='ocrx_word' id='word_1_167' title='bbox 1834 3153 1967 3262; x_wconf 80' lang='lat' dir='ltr'>aliquo</span> <span class='ocrx_word' id='word_1_168' title='bbox 1995 3155 2054 3234; x_wconf 84' lang='lat' dir='ltr'>vi·</span> 
     </span>
     <span class='ocr_line' id='line_1_22' title="bbox 737 3247 2052 3370; baseline -0.007 -19"><span class='ocrx_word' id='word_1_169' title='bbox 737 3267 809 3366; x_wconf 81' lang='lat' dir='ltr'>sa,</span> <span class='ocrx_word' id='word_1_170' title='bbox 849 3247 980 3348; x_wconf 79' lang='lat' dir='ltr'>similia</span> <span class='ocrx_word' id='word_1_171' title='bbox 1019 3291 1128 3346; x_wconf 85' lang='lat' dir='ltr'>erunt</span> <span class='ocrx_word' id='word_1_172' title='bbox 1156 3261 1367 3344; x_wconf 85' lang='lat' dir='ltr'>eorundem</span> <span class='ocrx_word' id='word_1_173' title='bbox 1406 3262 1662 3370; x_wconf 77' lang='lat' dir='ltr'>phoenomenis</span> <span class='ocrx_word' id='word_1_174' title='bbox 1704 3289 1752 3343; x_wconf 86' lang='lat' dir='ltr'>ex</span> <span class='ocrx_word' id='word_1_175' title='bbox 1791 3263 1901 3345; x_wconf 77' lang='lat' dir='ltr'>Luna</span> <span class='ocrx_word' id='word_1_176' title='bbox 1929 3263 2052 3344; x_wconf 78' lang='lat' dir='ltr'>nostra</span> 
     </span>
     <span class='ocr_line' id='line_1_23' title="bbox 738 3369 2054 3480; baseline -0.005 -21"><span class='ocrx_word' id='word_1_177' title='bbox 738 3375 859 3472; x_wconf 81' lang='lat' dir='ltr'>visu,</span> <span class='ocrx_word' id='word_1_178' title='bbox 887 3372 914 3454; x_wconf 84' lang='lat' dir='ltr'>si</span> <span class='ocrx_word' id='word_1_179' title='bbox 942 3373 1129 3456; x_wconf 84' lang='lat' dir='ltr'>Satellires</span> <span class='ocrx_word' id='word_1_180' title='bbox 1157 3371 1216 3451; x_wconf 89' lang='lat' dir='ltr'>isti</span> <span class='ocrx_word' id='word_1_181' title='bbox 1244 3370 1351 3471; x_wconf 87' lang='lat' dir='ltr'>hujus</span> <span class='ocrx_word' id='word_1_182' title='bbox 1379 3371 1519 3474; x_wconf 83' lang='lat' dir='ltr'>instar,</span> <span class='ocrx_word' id='word_1_183' title='bbox 1548 3394 1722 3470; x_wconf 82' lang='lat' dir='ltr'>rotantur</span> <span class='ocrx_word' id='word_1_184' title='bbox 1750 3369 1851 3452; x_wconf 82' lang='lat' dir='ltr'>circa</span> <span class='ocrx_word' id='word_1_185' title='bbox 1878 3373 2054 3480; x_wconf 82' lang='lat' dir='ltr'>proprios</span> 
     </span>
     <span class='ocr_line' id='line_1_24' title="bbox 738 3471 2057 3588; baseline -0.006 -20"><span class='ocrx_word' id='word_1_186' title='bbox 738 3485 882 3570; x_wconf 79' lang='lat' dir='ltr'>Axes;</span> <span class='ocrx_word' id='word_1_187' title='bbox 939 3483 1112 3563; x_wconf 86' lang='lat' dir='ltr'>nimirum</span> <span class='ocrx_word' id='word_1_188' title='bbox 1159 3471 1318 3588; x_wconf 88' lang='lat' dir='ltr'>quisque</span> <span class='ocrx_word' id='word_1_189' title='bbox 1362 3475 1468 3587; x_wconf 88' lang='lat' dir='ltr'>super</span> <span class='ocrx_word' id='word_1_190' title='bbox 1506 3476 1632 3562; x_wconf 74' lang='lat' dir='ltr'>Auem</span> <span class='ocrx_word' id='word_1_191' title='bbox 1669 3477 1903 3588; x_wconf 74' lang='lat' dir='ltr'>adplenum</span> <span class='ocrx_word' id='word_1_192' title='bbox 1938 3479 2057 3562; x_wconf 79' lang='lat' dir='ltr'>Orbis</span> 
     </span>
    </p>
   </div>
   <div class='ocr_carea' id='block_1_6' title="bbox 573 3586 2056 3715">
    <p class='ocr_par' dir='ltr' id='par_1_6' title="bbox 573 3586 2056 3715">
     <span class='ocr_line' id='line_1_25' title="bbox 573 3586 2056 3715; baseline -0.007 -35"><span class='ocrx_word' id='word_1_193' title='bbox 573 3623 575 3628; x_wconf 77' lang='grc'><em>’</em></span> <span class='ocrx_word' id='word_1_194' title='bbox 737 3590 906 3676; x_wconf 87' lang='lat' dir='ltr'>Primarii</span> <span class='ocrx_word' id='word_1_195' title='bbox 936 3591 1032 3671; x_wconf 85' lang='lat' dir='ltr'>circa</span> <span class='ocrx_word' id='word_1_196' title='bbox 1060 3588 1191 3670; x_wconf 88' lang='lat' dir='ltr'>Solem</span> <span class='ocrx_word' id='word_1_197' title='bbox 1219 3586 1389 3692; x_wconf 85' lang='lat' dir='ltr'>proxime</span> <span class='ocrx_word' id='word_1_198' title='bbox 1423 3587 1771 3715; x_wconf 79' lang='lat' dir='ltr'>perpendicularem</span> <span class='ocrx_word' id='word_1_199' title='bbox 1801 3645 1814 3684; x_wconf 82' lang='lat'>,</span> <span class='ocrx_word' id='word_1_200' title='bbox 1857 3591 1898 3666; x_wconf 74' lang='lat' dir='ltr'>oc</span> <span class='ocrx_word' id='word_1_201' title='bbox 1925 3591 2056 3696; x_wconf 89' lang='lat' dir='ltr'>perio-</span> 
     </span>
    </p>
   </div>
   <div class='ocr_carea' id='block_1_7' title="bbox 738 3689 2054 4359">
    <p class='ocr_par' dir='ltr' id='par_1_7' title="bbox 738 3689 2054 4359">
     <span class='ocr_line' id='line_1_26' title="bbox 738 3689 2053 3806; baseline -0.003 -24"><span class='ocrx_word' id='word_1_202' title='bbox 738 3702 792 3782; x_wconf 90' lang='lat' dir='ltr'>do</span> <span class='ocrx_word' id='word_1_203' title='bbox 821 3697 954 3806; x_wconf 80' lang='lat' dir='ltr'>aequali</span> <span class='ocrx_word' id='word_1_204' title='bbox 990 3697 1153 3806; x_wconf 83' lang='lat' dir='ltr'>periodo</span> <span class='ocrx_word' id='word_1_205' title='bbox 1191 3695 1280 3774; x_wconf 77' lang='lat' dir='ltr'>dieti</span> <span class='ocrx_word' id='word_1_206' title='bbox 1307 3693 1486 3776; x_wconf 87' lang='lat' dir='ltr'>Satellitis</span> <span class='ocrx_word' id='word_1_207' title='bbox 1523 3722 1621 3778; x_wconf 85' lang='lat' dir='ltr'>crrca</span> <span class='ocrx_word' id='word_1_208' title='bbox 1658 3689 1764 3778; x_wconf 87' lang='lat' dir='ltr'>suurn</span> <span class='ocrx_word' id='word_1_209' title='bbox 1792 3694 2053 3793; x_wconf 81' lang='lat' dir='ltr'>Primariutn,</span> 
     </span>
     <span class='ocr_line' id='line_1_27' title="bbox 738 3798 2054 3911; baseline -0.002 -21"><span class='ocrx_word' id='word_1_210' title='bbox 738 3833 780 3890; x_wconf 87' lang='lat' dir='ltr'>ut</span> <span class='ocrx_word' id='word_1_211' title='bbox 809 3803 1006 3888; x_wconf 88' lang='lat' dir='ltr'>verisrrnile</span> <span class='ocrx_word' id='word_1_212' title='bbox 1036 3805 1100 3886; x_wconf 84' lang='lat' dir='ltr'>est.</span> <span class='ocrx_word' id='word_1_213' title='bbox 1184 3798 1477 3884; x_wconf 84' lang='lat' dir='ltr'>Advertendum</span> <span class='ocrx_word' id='word_1_214' title='bbox 1507 3803 1698 3901; x_wconf 85' lang='lat' dir='ltr'>interint,</span> <span class='ocrx_word' id='word_1_215' title='bbox 1745 3799 1847 3911; x_wconf 91' lang='lat' dir='ltr'>quod</span> <span class='ocrx_word' id='word_1_216' title='bbox 1884 3802 1981 3887; x_wconf 75' lang='lat' dir='ltr'>licet</span> <span class='ocrx_word' id='word_1_217' title='bbox 2009 3833 2054 3886; x_wconf 77' lang='lat' dir='ltr'>ex</span> 
     </span>
     <span class='ocr_line' id='line_1_28' title="bbox 738 3911 2054 4022; baseline -0.003 -24"><span class='ocrx_word' id='word_1_218' title='bbox 738 3917 840 4022; x_wconf 89' lang='lat' dir='ltr'>Jove</span> <span class='ocrx_word' id='word_1_219' title='bbox 877 3913 999 3994; x_wconf 89' lang='lat' dir='ltr'>nullus</span> <span class='ocrx_word' id='word_1_220' title='bbox 1028 3936 1202 3994; x_wconf 83' lang='lat' dir='ltr'>cernatur</span> <span class='ocrx_word' id='word_1_221' title='bbox 1240 3911 1437 4018; x_wconf 85' lang='lat' dir='ltr'>primarius</span> <span class='ocrx_word' id='word_1_222' title='bbox 1464 3911 1622 3992; x_wconf 82' lang='lat' dir='ltr'>Planeta</span> <span class='ocrx_word' id='word_1_223' title='bbox 1658 3935 1789 4021; x_wconf 81' lang='lat' dir='ltr'>praeter</span> <span class='ocrx_word' id='word_1_224' title='bbox 1815 3911 2054 4008; x_wconf 84' lang='lat' dir='ltr'>Saturnum,</span> 
     </span>
     <span class='ocr_line' id='line_1_29' title="bbox 739 4017 2054 4126; baseline -0.002 -21"><span class='ocrx_word' id='word_1_225' title='bbox 739 4030 784 4105; x_wconf 76' lang='grc' dir='ltr'>δι’</span> <span class='ocrx_word' id='word_1_226' title='bbox 809 4051 856 4104; x_wconf 85' lang='lat' dir='ltr'>ex</span> <span class='ocrx_word' id='word_1_227' title='bbox 884 4024 1048 4103; x_wconf 87' lang='lat' dir='ltr'>Saturno</span> <span class='ocrx_word' id='word_1_228' title='bbox 1077 4019 1201 4101; x_wconf 91' lang='lat' dir='ltr'>nullus</span> <span class='ocrx_word' id='word_1_229' title='bbox 1229 4042 1362 4126; x_wconf 81' lang='lat' dir='ltr'>praeter</span> <span class='ocrx_word' id='word_1_230' title='bbox 1389 4019 1570 4122; x_wconf 85' lang='lat' dir='ltr'>Jovem,</span> <span class='ocrx_word' id='word_1_231' title='bbox 1618 4043 1745 4102; x_wconf 81' lang='lat' dir='ltr'>tamen</span> <span class='ocrx_word' id='word_1_232' title='bbox 1773 4046 1822 4101; x_wconf 87' lang='lat' dir='ltr'>ex</span> <span class='ocrx_word' id='word_1_233' title='bbox 1850 4017 1963 4124; x_wconf 87' lang='lat' dir='ltr'>Jovis</span> <span class='ocrx_word' id='word_1_234' title='bbox 1989 4023 2054 4102; x_wconf 81' lang='lat' dir='ltr'>Sa·</span> 
     </span>
     <span class='ocr_line' id='line_1_30' title="bbox 740 4120 2053 4236; baseline -0.004 -26"><span class='ocrx_word' id='word_1_235' title='bbox 740 4129 900 4234; x_wconf 86' lang='lat' dir='ltr'>telliturn</span> <span class='ocrx_word' id='word_1_236' title='bbox 939 4127 1070 4236; x_wconf 84' lang='lat' dir='ltr'>aliquo</span> <span class='ocrx_word' id='word_1_237' title='bbox 1109 4154 1241 4210; x_wconf 89' lang='lat' dir='ltr'>omnes</span> <span class='ocrx_word' id='word_1_238' title='bbox 1279 4120 1468 4234; x_wconf 83' lang='lat' dir='ltr'>conspici</span> <span class='ocrx_word' id='word_1_239' title='bbox 1512 4150 1677 4210; x_wconf 89' lang='lat' dir='ltr'>oterunt.</span> <span class='ocrx_word' id='word_1_240' title='bbox 1762 4123 1858 4208; x_wconf 77' lang='lat' dir='ltr'>Ideo</span> <span class='ocrx_word' id='word_1_241' title='bbox 1887 4154 2053 4236; x_wconf 87' lang='lat' dir='ltr'>namque</span> 
     </span>
     <span class='ocr_line' id='line_1_31' title="bbox 739 4155 2051 4359; baseline -0.002 -42"><span class='ocrx_word' id='word_1_242' title='bbox 739 4237 941 4330; x_wconf 78' lang='lat' dir='ltr'>Martem,</span> <span class='ocrx_word' id='word_1_243' title='bbox 978 4237 1180 4359; x_wconf 73' lang='lat' dir='ltr'>Marteque</span> <span class='ocrx_word' id='word_1_244' title='bbox 1208 4231 1405 4318; x_wconf 86' lang='lat' dir='ltr'>inferiores</span> <span class='ocrx_word' id='word_1_245' title='bbox 1434 4233 1455 4316; x_wconf 84' lang='grc' dir='ltr'>ὲ</span> <span class='ocrx_word' id='word_1_246' title='bbox 1482 4155 1585 4340; x_wconf 50' lang='lat' dir='ltr'>iove</span> <span class='ocrx_word' id='word_1_247' title='bbox 1611 4229 1774 4342; x_wconf 81' lang='lat' dir='ltr'>conspici</span> <span class='ocrx_word' id='word_1_248' title='bbox 1805 4231 1911 4346; x_wconf 79' lang='lat' dir='ltr'>posse</span> <span class='ocrx_word' id='word_1_249' title='bbox 1938 4261 2051 4343; x_wconf 57' lang='lat' dir='ltr'>nego</span> 
     </span>
    </p>
   </div>
   <div class='ocr_carea' id='block_1_8' title="bbox 740 4337 2050 4533">
    <p class='ocr_par' dir='ltr' id='par_1_8' title="bbox 740 4337 2050 4533">
     <span class='ocr_line' id='line_1_32' title="bbox 740 4337 2048 4529; baseline -0.004 -102"><span class='ocrx_word' id='word_1_250' title='bbox 740 4341 902 4439; x_wconf 75' lang='lat' dir='ltr'>tintus,</span> <span class='ocrx_word' id='word_1_251' title='bbox 941 4341 1050 4452; x_wconf 88' lang='lat' dir='ltr'>quod</span> <span class='ocrx_word' id='word_1_252' title='bbox 1077 4341 1169 4447; x_wconf 80' lang='lat' dir='ltr'>Jovt</span> <span class='ocrx_word' id='word_1_253' title='bbox 1197 4337 1457 4430; x_wconf 78' lang='lat' dir='ltr'>circumfusam</span> <span class='ocrx_word' id='word_1_254' title='bbox 1483 4341 1735 4476; x_wconf 82' lang='lat' dir='ltr'>supponamus</span> <span class='ocrx_word' id='word_1_255' title='bbox 1763 4337 2048 4529; x_wconf 57' lang='lat' dir='ltr'>atmosphaeffiaeut</span> 
     </span>
     <span class='ocr_line' id='line_1_33' title="bbox 1553 4473 2050 4533; baseline -0.002 -3"><span class='ocrx_word' id='word_1_256' title='bbox 1553 4485 1559 4492; x_wconf 91' lang='lat'>·</span> <span class='ocrx_word' id='word_1_257' title='bbox 1920 4473 1970 4533; x_wconf 93' lang='lat' dir='ltr'>no</span> <span class='ocrx_word' id='word_1_258' title='bbox 2045 4523 2050 4530; x_wconf 84' lang='lat'><em>.</em></span> 
     </span>
    </p>
   </div>
   <div class='ocr_carea' id='block_1_9' title="bbox 0 0 2177 5684">
    <p class='ocr_par' dir='ltr' id='par_1_9' title="bbox 0 0 2177 5684">
     <span class='ocr_line' id='line_1_34' title="bbox 0 0 2177 5684; baseline 0 0"><span class='ocrx_word' id='word_1_259' title='bbox 0 0 2177 5684; x_wconf 95' lang='lat' dir='ltr'> </span> 
     </span>
    </p>
   </div>
  </div>
 </body>
</html>
