<?xml version="1.0" encoding="UTF-8"?>
<!DOCTYPE html PUBLIC "-//W3C//DTD XHTML 1.0 Transitional//EN"
    "http://www.w3.org/TR/xhtml1/DTD/xhtml1-transitional.dtd">
<html xmlns="http://www.w3.org/1999/xhtml" xml:lang="en" lang="en">
 <head>
  <title>
</title>
<meta http-equiv="Content-Type" content="text/html;charset=utf-8" />
  <meta name='ocr-system' content='tesseract 3.04.00' />
  <meta name='ocr-capabilities' content='ocr_page ocr_carea ocr_par ocr_line ocrx_word'/>
</head>
<body>
  <div class='ocr_page' id='page_1' title='image "./davidisgregorii00huargoog_0435.png"; bbox 0 0 4346 5676; ppageno 0'>
   <div class='ocr_carea' id='block_1_1' title="bbox 1294 505 1510 622">
    <p class='ocr_par' dir='ltr' id='par_1_1' title="bbox 1294 505 1510 622">
     <span class='ocr_line' id='line_1_1' title="bbox 1294 505 1510 622; baseline 0.06 -17"><span class='ocrx_word' id='word_1_1' title='bbox 1294 505 1510 622; x_wconf 68' lang='lat'>(26)</span> 
     </span>
    </p>
   </div>
   <div class='ocr_carea' id='block_1_2' title="bbox 575 630 2065 762">
    <p class='ocr_par' dir='ltr' id='par_1_2' title="bbox 575 630 2065 762">
     <span class='ocr_line' id='line_1_2' title="bbox 575 630 2065 762; baseline -0.007 -25"><span class='ocrx_word' id='word_1_2' title='bbox 575 669 668 738; x_wconf 73' lang='lat' dir='ltr'>oue.</span> <span class='ocrx_word' id='word_1_3' title='bbox 765 637 1083 762; x_wconf 63' lang='lat' dir='ltr'>nquinouiarb,</span> <span class='ocrx_word' id='word_1_4' title='bbox 1113 631 1178 727; x_wconf 85' lang='lat' dir='ltr'>seu</span> <span class='ocrx_word' id='word_1_5' title='bbox 1201 637 1422 732; x_wconf 85' lang='lat' dir='ltr'>communis</span> <span class='ocrx_word' id='word_1_6' title='bbox 1455 630 1575 720; x_wconf 69' lang='lat' dir='ltr'>sectio</span> <span class='ocrx_word' id='word_1_7' title='bbox 1603 630 1735 722; x_wconf 83' lang='lat' dir='ltr'>ci&#39;rcrdi</span> <span class='ocrx_word' id='word_1_8' title='bbox 1760 631 2065 752; x_wconf 72' lang='lat' dir='ltr'>AEquinodialb</span> 
     </span>
    </p>
   </div>
   <div class='ocr_carea' id='block_1_3' title="bbox 576 741 1664 907">
    <p class='ocr_par' dir='ltr' id='par_1_3' title="bbox 576 741 1664 907">
     <span class='ocr_line' id='line_1_3' title="bbox 576 741 1664 907; baseline -0.012 -51"><span class='ocrx_word' id='word_1_9' title='bbox 576 741 677 907; x_wconf 44' lang='grc' dir='ltr'>,ἵζ’</span> <span class='ocrx_word' id='word_1_10' title='bbox 767 789 856 856; x_wconf 84' lang='lat' dir='ltr'>cum</span> <span class='ocrx_word' id='word_1_11' title='bbox 878 765 1003 849; x_wconf 87' lang='lat' dir='ltr'>Plano</span> <span class='ocrx_word' id='word_1_12' title='bbox 1021 759 1132 848; x_wconf 85' lang='lat' dir='ltr'>dato.</span> <span class='ocrx_word' id='word_1_13' title='bbox 1662 797 1664 802; x_wconf 27' lang='lat' dir='ltr'>v</span> 
     </span>
    </p>
   </div>
   <div class='ocr_carea' id='block_1_4' title="bbox 765 863 2172 1704">
    <p class='ocr_par' dir='ltr' id='par_1_4' title="bbox 765 863 2172 1704">
     <span class='ocr_line' id='line_1_4' title="bbox 825 863 2064 995; baseline -0.006 -27"><span class='ocrx_word' id='word_1_14' title='bbox 825 899 877 986; x_wconf 83' lang='lat'>4⁰</span> <span class='ocrx_word' id='word_1_15' title='bbox 909 887 982 968; x_wconf 84' lang='lat' dir='ltr'>Per</span> <span class='ocrx_word' id='word_1_16' title='bbox 1011 863 1196 995; x_wconf 74' lang='lat' dir='ltr'>pundum</span> <span class='ocrx_word' id='word_1_17' title='bbox 1227 881 1259 962; x_wconf 90' lang='grc' dir='ltr'><strong><em>Β</em></strong></span> <span class='ocrx_word' id='word_1_18' title='bbox 1287 871 1453 961; x_wconf 88' lang='lat' dir='ltr'>ducatur</span> <span class='ocrx_word' id='word_1_19' title='bbox 1487 873 1593 991; x_wconf 79' lang='lat' dir='ltr'>linea</span> <span class='ocrx_word' id='word_1_20' title='bbox 1626 879 1696 960; x_wconf 90' lang='lat' dir='ltr'>BF</span> <span class='ocrx_word' id='word_1_21' title='bbox 1725 872 2064 989; x_wconf 79' lang='lat' dir='ltr'>perpendicularis</span> 
     </span>
     <span class='ocr_line' id='line_1_5' title="bbox 766 994 2063 1111; baseline -0.008 -25"><span class='ocrx_word' id='word_1_22' title='bbox 766 1001 881 1088; x_wconf 89' lang='lat' dir='ltr'>lineae</span> <span class='ocrx_word' id='word_1_23' title='bbox 901 1006 933 1085; x_wconf 90' lang='lat' dir='ltr'>B</span> <span class='ocrx_word' id='word_1_24' title='bbox 950 1005 1008 1097; x_wconf 88' lang='lat' dir='ltr'>E,</span> <span class='ocrx_word' id='word_1_25' title='bbox 1037 998 1111 1085; x_wconf 88' lang='lat' dir='ltr'>erit</span> <span class='ocrx_word' id='word_1_26' title='bbox 1131 1023 1211 1111; x_wconf 89' lang='lat' dir='ltr'>que</span> <span class='ocrx_word' id='word_1_27' title='bbox 1223 999 1408 1111; x_wconf 67' lang='lat' dir='ltr'>punctum</span> <span class='ocrx_word' id='word_1_28' title='bbox 1432 999 1460 1076; x_wconf 88' lang='lat' dir='ltr'>F</span> <span class='ocrx_word' id='word_1_29' title='bbox 1482 998 1523 1078; x_wconf 92' lang='lat' dir='ltr'>in</span> <span class='ocrx_word' id='word_1_30' title='bbox 1543 994 1759 1109; x_wconf 85' lang='lat' dir='ltr'>Substyiari</span> <span class='ocrx_word' id='word_1_31' title='bbox 1782 1017 1966 1082; x_wconf 82' lang='lat' dir='ltr'>centrum</span> <span class='ocrx_word' id='word_1_32' title='bbox 1979 996 2063 1077; x_wconf 85' lang='lat' dir='ltr'>Ho-</span> 
     </span>
     <span class='ocr_line' id='line_1_6' title="bbox 765 1107 2062 1233; baseline -0.007 -28"><span class='ocrx_word' id='word_1_33' title='bbox 765 1145 909 1206; x_wconf 83' lang='lat' dir='ltr'>rarum.</span> <span class='ocrx_word' id='word_1_34' title='bbox 971 1115 1152 1233; x_wconf 86' lang='lat' dir='ltr'>Angulus</span> <span class='ocrx_word' id='word_1_35' title='bbox 1167 1121 1199 1199; x_wconf 91' lang='grc' dir='ltr'>Β</span> <span class='ocrx_word' id='word_1_36' title='bbox 1217 1113 1299 1199; x_wconf 88' lang='lat' dir='ltr'>FC</span> <span class='ocrx_word' id='word_1_37' title='bbox 1323 1116 1398 1200; x_wconf 90' lang='lat' dir='ltr'>erit</span> <span class='ocrx_word' id='word_1_38' title='bbox 1418 1114 1577 1228; x_wconf 78' lang='lat' dir='ltr'>aequalis</span> <span class='ocrx_word' id='word_1_39' title='bbox 1597 1113 1814 1199; x_wconf 88' lang='lat' dir='ltr'>Altitudini</span> <span class='ocrx_word' id='word_1_40' title='bbox 1835 1112 1923 1198; x_wconf 89' lang='lat' dir='ltr'>Poli</span> <span class='ocrx_word' id='word_1_41' title='bbox 1949 1107 2062 1225; x_wconf 90' lang='lat' dir='ltr'>super</span> 
     </span>
     <span class='ocr_line' id='line_1_7' title="bbox 765 1231 2062 1351; baseline -0.008 -25"><span class='ocrx_word' id='word_1_42' title='bbox 765 1236 1030 1351; x_wconf 84' lang='lat' dir='ltr'>Substyiarem</span> <span class='ocrx_word' id='word_1_43' title='bbox 1058 1274 1072 1330; x_wconf 86' lang='lat'>‚-</span> <span class='ocrx_word' id='word_1_44' title='bbox 1113 1239 1155 1320; x_wconf 81' lang='lat' dir='ltr'>dc</span> <span class='ocrx_word' id='word_1_45' title='bbox 1182 1232 1210 1319; x_wconf 87' lang='lat' dir='ltr'>sr</span> <span class='ocrx_word' id='word_1_46' title='bbox 1234 1233 1448 1347; x_wconf 82' lang='lat' dir='ltr'>triangulus</span> <span class='ocrx_word' id='word_1_47' title='bbox 1473 1236 1530 1319; x_wconf 87' lang='lat' dir='ltr'>ita</span> <span class='ocrx_word' id='word_1_48' title='bbox 1557 1233 1729 1348; x_wconf 78' lang='lat' dir='ltr'>erigatur</span> <span class='ocrx_word' id='word_1_49' title='bbox 1755 1234 1797 1316; x_wconf 90' lang='lat' dir='ltr'>in</span> <span class='ocrx_word' id='word_1_50' title='bbox 1826 1231 1926 1316; x_wconf 85' lang='lat' dir='ltr'>linea</span> <span class='ocrx_word' id='word_1_51' title='bbox 1956 1231 2062 1331; x_wconf 87' lang='lat' dir='ltr'>FC,</span> 
     </span>
     <span class='ocr_line' id='line_1_8' title="bbox 766 1349 2172 1465; baseline -0.006 -23"><span class='ocrx_word' id='word_1_52' title='bbox 766 1380 812 1442; x_wconf 86' lang='lat' dir='ltr'>ut</span> <span class='ocrx_word' id='word_1_53' title='bbox 836 1356 936 1442; x_wconf 85' lang='lat' dir='ltr'>linea</span> <span class='ocrx_word' id='word_1_54' title='bbox 957 1353 1043 1445; x_wconf 91' lang='lat' dir='ltr'>BC</span> <span class='ocrx_word' id='word_1_55' title='bbox 1067 1350 1113 1438; x_wconf 86' lang='lat' dir='ltr'>srt</span> <span class='ocrx_word' id='word_1_56' title='bbox 1169 1349 1476 1465; x_wconf 84' lang='lat' dir='ltr'>erpendicularis</span> <span class='ocrx_word' id='word_1_57' title='bbox 1492 1351 1620 1438; x_wconf 90' lang='lat' dir='ltr'>eidem</span> <span class='ocrx_word' id='word_1_58' title='bbox 1645 1353 1804 1451; x_wconf 84' lang='lat' dir='ltr'>Plano,</span> <span class='ocrx_word' id='word_1_59' title='bbox 1832 1373 1924 1435; x_wconf 88' lang='lat' dir='ltr'>tunc</span> <span class='ocrx_word' id='word_1_60' title='bbox 1951 1349 2063 1435; x_wconf 87' lang='lat' dir='ltr'>linea</span> <span class='ocrx_word' id='word_1_61' title='bbox 2171 1367 2172 1408; x_wconf 78' lang='lat'>³</span> 
     </span>
     <span class='ocr_line' id='line_1_9' title="bbox 768 1381 2063 1586; baseline -0.008 -27"><span class='ocrx_word' id='word_1_62' title='bbox 768 1477 844 1559; x_wconf 87' lang='lat' dir='ltr'>BF</span> <span class='ocrx_word' id='word_1_63' title='bbox 872 1499 986 1560; x_wconf 87' lang='lat' dir='ltr'>axem</span> <span class='ocrx_word' id='word_1_64' title='bbox 1009 1381 1324 1586; x_wconf 67' lang='lat' dir='ltr'>repraedntabit,</span> <span class='ocrx_word' id='word_1_65' title='bbox 1355 1471 1615 1586; x_wconf 85' lang='lat' dir='ltr'>ostendetque</span> <span class='ocrx_word' id='word_1_66' title='bbox 1647 1474 1818 1570; x_wconf 86' lang='lat' dir='ltr'>Horas,</span> <span class='ocrx_word' id='word_1_67' title='bbox 1848 1465 2063 1551; x_wconf 89' lang='lat' dir='ltr'>secundum</span> 
     </span>
     <span class='ocr_line' id='line_1_10' title="bbox 766 1585 2074 1704; baseline -0.005 -27"><span class='ocrx_word' id='word_1_68' title='bbox 766 1589 896 1677; x_wconf 80' lang='lat' dir='ltr'>&#39;totam</span> <span class='ocrx_word' id='word_1_69' title='bbox 920 1585 1026 1678; x_wconf 87' lang='lat' dir='ltr'>suam</span> <span class='ocrx_word' id='word_1_70' title='bbox 1049 1588 1342 1704; x_wconf 83' lang='lat' dir='ltr'>longitudinem</span> <span class='ocrx_word' id='word_1_71' title='bbox 1366 1595 1464 1692; x_wconf 80' lang='lat' dir='ltr'>FB,</span> <span class='ocrx_word' id='word_1_72' title='bbox 1493 1587 1770 1704; x_wconf 67' lang='lat' dir='ltr'>removerique</span> <span class='ocrx_word' id='word_1_73' title='bbox 1791 1585 1957 1674; x_wconf 83' lang='lat' dir='ltr'>debebit</span> <span class='ocrx_word' id='word_1_74' title='bbox 1973 1590 2074 1701; x_wconf 84' lang='lat' dir='ltr'>Sty--</span> 
     </span>
    </p>
   </div>
   <div class='ocr_carea' id='block_1_5' title="bbox 680 1706 1370 1822">
    <p class='ocr_par' dir='ltr' id='par_1_5' title="bbox 680 1706 1370 1822">
     <span class='ocr_line' id='line_1_11' title="bbox 680 1706 1370 1822; baseline -0.006 -27"><span class='ocrx_word' id='word_1_75' title='bbox 680 1753 682 1761; x_wconf 90' lang='grc'><strong><em>·</em></strong></span> <span class='ocrx_word' id='word_1_76' title='bbox 767 1708 828 1797; x_wconf 91' lang='lat' dir='ltr'>lus</span> <span class='ocrx_word' id='word_1_77' title='bbox 845 1707 942 1798; x_wconf 81' lang='lat' dir='ltr'>An</span> <span class='ocrx_word' id='word_1_78' title='bbox 957 1706 1370 1822; x_wconf 83' lang='lat' dir='ltr'>utdeincepsinutilis.</span> 
     </span>
    </p>
   </div>
   <div class='ocr_carea' id='block_1_6' title="bbox 1208 1903 1472 2000">
    <p class='ocr_par' dir='ltr' id='par_1_6' title="bbox 1208 1903 1472 2000">
     <span class='ocr_line' id='line_1_12' title="bbox 1208 1903 1472 2000; baseline 0 -86"><span class='ocrx_word' id='word_1_79' title='bbox 1208 1903 1216 1914; x_wconf 88' lang='lat'><strong><em>.</em></strong></span> <span class='ocrx_word' id='word_1_80' title='bbox 1382 1913 1472 2000; x_wconf 21' lang='lat' dir='ltr'>VH·</span> 
     </span>
    </p>
   </div>
   <div class='ocr_carea' id='block_1_7' title="bbox 618 2035 2076 2341">
    <p class='ocr_par' dir='ltr' id='par_1_7' title="bbox 618 2035 2076 2341">
     <span class='ocr_line' id='line_1_13' title="bbox 715 2035 2073 2224; baseline -0.004 -32"><span class='ocrx_word' id='word_1_81' title='bbox 715 2133 719 2146; x_wconf 85' lang='lat'><strong>·</strong></span> <span class='ocrx_word' id='word_1_82' title='bbox 772 2035 888 2192; x_wconf 57' lang='lat' dir='ltr'>Diris</span> <span class='ocrx_word' id='word_1_83' title='bbox 906 2109 1088 2193; x_wconf 65' lang='lat' dir='ltr'>irs-Pleno</span> <span class='ocrx_word' id='word_1_84' title='bbox 1107 2110 1284 2194; x_wconf 76' lang='lat' dir='ltr'>Verticali</span> <span class='ocrx_word' id='word_1_85' title='bbox 1300 2105 1500 2224; x_wconf 78' lang='lat' dir='ltr'>Substylari</span> <span class='ocrx_word' id='word_1_86' title='bbox 1514 2109 1559 2194; x_wconf 87' lang='lat' dir='ltr'><em>E</em></span> <span class='ocrx_word' id='word_1_87' title='bbox 1575 2105 1618 2196; x_wconf 84' lang='lat' dir='ltr'><strong>F</strong></span> <span class='ocrx_word' id='word_1_88' title='bbox 1620 2105 1634 2207; x_wconf 48' lang='grc' dir='ltr'>ξ</span> <span class='ocrx_word' id='word_1_89' title='bbox 1659 2131 1780 2192; x_wconf 85' lang='lat' dir='ltr'>centro</span> <span class='ocrx_word' id='word_1_90' title='bbox 1800 2103 2004 2220; x_wconf 73' lang='lat' dir='ltr'>Horologii</span> <span class='ocrx_word' id='word_1_91' title='bbox 2014 2103 2073 2204; x_wconf 70' lang='grc' dir='ltr'>Ε.</span> 
     </span>
     <span class='ocr_line' id='line_1_14' title="bbox 618 2221 2076 2341; baseline 0.001 -33"><span class='ocrx_word' id='word_1_92' title='bbox 618 2267 627 2288; x_wconf 88' lang='grc'><em>·</em></span> <span class='ocrx_word' id='word_1_93' title='bbox 658 2269 669 2294; x_wconf 75' lang='lat'><em>0</em></span> <span class='ocrx_word' id='word_1_94' title='bbox 827 2225 1044 2311; x_wconf 83' lang='lat' dir='ltr'>Altitudine</span> <span class='ocrx_word' id='word_1_95' title='bbox 1068 2227 1154 2310; x_wconf 74' lang='lat' dir='ltr'>Pali</span> <span class='ocrx_word' id='word_1_96' title='bbox 1165 2237 1221 2310; x_wconf 80' lang='lat' dir='ltr'>&#39;in</span> <span class='ocrx_word' id='word_1_97' title='bbox 1244 2228 1364 2311; x_wconf 79' lang='lat' dir='ltr'>Plano</span> <span class='ocrx_word' id='word_1_98' title='bbox 1401 2226 1438 2310; x_wconf 87' lang='lat' dir='ltr'><em>C</em></span> <span class='ocrx_word' id='word_1_99' title='bbox 1443 2225 1487 2313; x_wconf 86' lang='lat' dir='ltr'><strong>F</strong></span> <span class='ocrx_word' id='word_1_100' title='bbox 1487 2225 1548 2328; x_wconf 80' lang='grc' dir='ltr'>Β,</span> <span class='ocrx_word' id='word_1_101' title='bbox 1578 2221 1861 2341; x_wconf 63' lang='lat' dir='ltr'>AEquinoiiiali</span> <span class='ocrx_word' id='word_1_102' title='bbox 1889 2222 1936 2308; x_wconf 87' lang='lat' dir='ltr'><em>G</em></span> <span class='ocrx_word' id='word_1_103' title='bbox 1941 2224 2037 2310; x_wconf 78' lang='grc' dir='ltr'>ΕΚ</span> <span class='ocrx_word' id='word_1_104' title='bbox 2048 2283 2076 2322; x_wconf 93' lang='lat'>,.</span> 
     </span>
    </p>
   </div>
   <div class='ocr_carea' id='block_1_8' title="bbox 827 2342 1495 2460">
    <p class='ocr_par' dir='ltr' id='par_1_8' title="bbox 827 2342 1495 2460">
     <span class='ocr_line' id='line_1_15' title="bbox 827 2342 1495 2460; baseline 0.006 -32"><span class='ocrx_word' id='word_1_105' title='bbox 827 2342 1069 2460; x_wconf 74' lang='lat' dir='ltr'>Irbrologium</span> <span class='ocrx_word' id='word_1_106' title='bbox 1098 2345 1277 2430; x_wconf 75' lang='lat' dir='ltr'>Verricale</span> <span class='ocrx_word' id='word_1_107' title='bbox 1302 2345 1495 2458; x_wconf 67' lang='lat' dir='ltr'>abstalvere.</span> 
     </span>
    </p>
   </div>
   <div class='ocr_carea' id='block_1_9' title="bbox 762 2535 2171 3957">
    <p class='ocr_par' dir='ltr' id='par_1_9' title="bbox 765 2535 2066 2890">
     <span class='ocr_line' id='line_1_16' title="bbox 831 2535 2066 2650; baseline -0.006 -23"><span class='ocrx_word' id='word_1_108' title='bbox 831 2554 891 2627; x_wconf 82' lang='lat'>1⁰.</span> <span class='ocrx_word' id='word_1_109' title='bbox 920 2542 979 2624; x_wconf 85' lang='lat' dir='ltr'>Ex</span> <span class='ocrx_word' id='word_1_110' title='bbox 994 2559 1133 2626; x_wconf 91' lang='lat' dir='ltr'>centro</span> <span class='ocrx_word' id='word_1_111' title='bbox 1162 2535 1259 2628; x_wconf 84' lang='lat' dir='ltr'>dato</span> <span class='ocrx_word' id='word_1_112' title='bbox 1284 2545 1313 2624; x_wconf 87' lang='lat' dir='ltr'><strong>F</strong></span> <span class='ocrx_word' id='word_1_113' title='bbox 1340 2536 1571 2628; x_wconf 80' lang='lat' dir='ltr'>demittatur</span> <span class='ocrx_word' id='word_1_114' title='bbox 1600 2537 1705 2624; x_wconf 87' lang='lat' dir='ltr'>linea</span> <span class='ocrx_word' id='word_1_115' title='bbox 1723 2539 1794 2624; x_wconf 81' lang='grc' dir='ltr'>ΡΙ.</span> <span class='ocrx_word' id='word_1_116' title='bbox 1817 2536 2066 2650; x_wconf 86' lang='lat' dir='ltr'>adperpeu-</span> 
     </span>
     <span class='ocr_line' id='line_1_17' title="bbox 766 2654 2063 2771; baseline -0.005 -27"><span class='ocrx_word' id='word_1_117' title='bbox 766 2654 954 2745; x_wconf 89' lang='lat' dir='ltr'>diculum.</span> <span class='ocrx_word' id='word_1_118' title='bbox 1016 2663 1112 2748; x_wconf 82' lang='lat' dir='ltr'>Haec</span> <span class='ocrx_word' id='word_1_119' title='bbox 1133 2660 1208 2745; x_wconf 92' lang='lat' dir='ltr'>erit</span> <span class='ocrx_word' id='word_1_120' title='bbox 1228 2660 1332 2745; x_wconf 87' lang='lat' dir='ltr'>linea</span> <span class='ocrx_word' id='word_1_121' title='bbox 1347 2659 1569 2746; x_wconf 85' lang='lat' dir='ltr'>Meridiana</span> <span class='ocrx_word' id='word_1_122' title='bbox 1587 2656 1670 2744; x_wconf 90' lang='lat' dir='ltr'>loci</span> <span class='ocrx_word' id='word_1_123' title='bbox 1685 2655 1749 2745; x_wconf 89' lang='lat' dir='ltr'>seu</span> <span class='ocrx_word' id='word_1_124' title='bbox 1770 2657 1973 2771; x_wconf 80' lang='lat' dir='ltr'>regionis„</span> <span class='ocrx_word' id='word_1_125' title='bbox 1994 2654 2063 2738; x_wconf 87' lang='lat' dir='ltr'>ilia</span> 
     </span>
     <span class='ocr_line' id='line_1_18' title="bbox 765 2773 1962 2890; baseline 0.003 -28"><span class='ocrx_word' id='word_1_126' title='bbox 765 2773 913 2862; x_wconf 82' lang='lat' dir='ltr'>secabit</span> <span class='ocrx_word' id='word_1_127' title='bbox 936 2777 1269 2889; x_wconf 75' lang='lat' dir='ltr'>AEquinodtialem</span> <span class='ocrx_word' id='word_1_128' title='bbox 1295 2777 1337 2860; x_wconf 91' lang='lat' dir='ltr'>in</span> <span class='ocrx_word' id='word_1_129' title='bbox 1370 2781 1517 2890; x_wconf 72' lang='lat' dir='ltr'>puncto</span> <span class='ocrx_word' id='word_1_130' title='bbox 1550 2793 1620 2865; x_wconf 72' lang='lat'>12..</span> <span class='ocrx_word' id='word_1_131' title='bbox 1957 2781 1962 2786; x_wconf 81' lang='grc'><em>“</em></span> 
     </span>
    </p>

    <p class='ocr_par' dir='ltr' id='par_1_10' title="bbox 762 2887 2171 3833">
     <span class='ocr_line' id='line_1_19' title="bbox 827 2887 2061 3008; baseline 0 -28"><span class='ocrx_word' id='word_1_132' title='bbox 827 2909 889 2980; x_wconf 84' lang='lat'>2⁰.</span> <span class='ocrx_word' id='word_1_133' title='bbox 919 2897 992 2978; x_wconf 88' lang='lat' dir='ltr'>Per</span> <span class='ocrx_word' id='word_1_134' title='bbox 1017 2892 1163 2990; x_wconf 85' lang='lat' dir='ltr'>Pedem</span> <span class='ocrx_word' id='word_1_135' title='bbox 1186 2895 1287 3008; x_wconf 88' lang='lat' dir='ltr'>Styli</span> <span class='ocrx_word' id='word_1_136' title='bbox 1312 2893 1352 2980; x_wconf 88' lang='lat' dir='ltr'>C</span> <span class='ocrx_word' id='word_1_137' title='bbox 1377 2893 1539 2981; x_wconf 88' lang='lat' dir='ltr'>ducatur</span> <span class='ocrx_word' id='word_1_138' title='bbox 1558 2895 1661 2982; x_wconf 85' lang='lat' dir='ltr'>iinca</span> <span class='ocrx_word' id='word_1_139' title='bbox 1677 2893 1816 2980; x_wconf 90' lang='lat' dir='ltr'>HCO</span> <span class='ocrx_word' id='word_1_140' title='bbox 1841 2887 1892 2980; x_wconf 84' lang='lat' dir='ltr'>ad</span> <span class='ocrx_word' id='word_1_141' title='bbox 1912 2893 2061 2980; x_wconf 81' lang='lat' dir='ltr'>lineam</span> 
     </span>
     <span class='ocr_line' id='line_1_20' title="bbox 763 3007 2171 3128; baseline 0 -35"><span class='ocrx_word' id='word_1_142' title='bbox 763 3010 835 3095; x_wconf 82' lang='lat' dir='ltr'>PL</span> <span class='ocrx_word' id='word_1_143' title='bbox 853 3007 1186 3124; x_wconf 84' lang='lat' dir='ltr'>perpendicularis</span> <span class='ocrx_word' id='word_1_144' title='bbox 1209 3039 1375 3125; x_wconf 88' lang='lat' dir='ltr'>eamque</span> <span class='ocrx_word' id='word_1_145' title='bbox 1397 3011 1629 3100; x_wconf 89' lang='lat' dir='ltr'>intersecans</span> <span class='ocrx_word' id='word_1_146' title='bbox 1651 3013 1693 3096; x_wconf 94' lang='lat' dir='ltr'>in</span> <span class='ocrx_word' id='word_1_147' title='bbox 1714 3015 1856 3128; x_wconf 70' lang='lat' dir='ltr'>pundo</span> <span class='ocrx_word' id='word_1_148' title='bbox 1871 3011 1974 3098; x_wconf 86' lang='lat' dir='ltr'>Tad</span> <span class='ocrx_word' id='word_1_149' title='bbox 1992 3037 2060 3097; x_wconf 86' lang='lat' dir='ltr'>an·</span> <span class='ocrx_word' id='word_1_150' title='bbox 2170 3113 2171 3116; x_wconf 4' lang='lat' dir='ltr'>p</span> 
     </span>
     <span class='ocr_line' id='line_1_21' title="bbox 763 3127 2061 3246; baseline 0.002 -34"><span class='ocrx_word' id='word_1_151' title='bbox 763 3127 880 3242; x_wconf 83' lang='lat' dir='ltr'>gulos</span> <span class='ocrx_word' id='word_1_152' title='bbox 904 3129 1143 3214; x_wconf 73' lang='lat' dir='ltr'>redosrerit</span> <span class='ocrx_word' id='word_1_153' title='bbox 1163 3157 1242 3246; x_wconf 89' lang='lat' dir='ltr'>que</span> <span class='ocrx_word' id='word_1_154' title='bbox 1267 3130 1476 3218; x_wconf 74' lang='lat' dir='ltr'>HO‘linea</span> <span class='ocrx_word' id='word_1_155' title='bbox 1493 3131 1791 3231; x_wconf 87' lang='lat' dir='ltr'>Horizontalis‚</span> <span class='ocrx_word' id='word_1_156' title='bbox 1822 3136 1863 3216; x_wconf 81' lang='lat' dir='ltr'>de</span> <span class='ocrx_word' id='word_1_157' title='bbox 1878 3127 2061 3216; x_wconf 87' lang='lat' dir='ltr'>interiec-</span> 
     </span>
     <span class='ocr_line' id='line_1_22' title="bbox 764 3244 2059 3364; baseline 0.002 -34"><span class='ocrx_word' id='word_1_158' title='bbox 764 3246 825 3330; x_wconf 89' lang='lat' dir='ltr'>tio</span> <span class='ocrx_word' id='word_1_159' title='bbox 843 3249 928 3356; x_wconf 83' lang='lat' dir='ltr'>ejus</span> <span class='ocrx_word' id='word_1_160' title='bbox 946 3273 1034 3332; x_wconf 90' lang='lat' dir='ltr'>cum</span> <span class='ocrx_word' id='word_1_161' title='bbox 1058 3244 1163 3335; x_wconf 81' lang='lat' dir='ltr'>linea</span> <span class='ocrx_word' id='word_1_162' title='bbox 1187 3247 1470 3364; x_wconf 70' lang='lat' dir='ltr'>AEquinodiiaii</span> <span class='ocrx_word' id='word_1_163' title='bbox 1493 3253 1533 3336; x_wconf 92' lang='lat' dir='ltr'>in</span> <span class='ocrx_word' id='word_1_164' title='bbox 1563 3253 1709 3364; x_wconf 72' lang='lat' dir='ltr'>pundo</span> <span class='ocrx_word' id='word_1_165' title='bbox 1733 3257 1781 3332; x_wconf 86' lang='lat' dir='ltr'>K.</span> <span class='ocrx_word' id='word_1_166' title='bbox 1798 3248 1914 3334; x_wconf 84' lang='lat' dir='ltr'>dabit</span> <span class='ocrx_word' id='word_1_167' title='bbox 1940 3275 2059 3360; x_wconf 89' lang='lat' dir='ltr'>punc-</span> 
     </span>
     <span class='ocr_line' id='line_1_23' title="bbox 763 3364 2059 3483; baseline -0.001 -31"><span class='ocrx_word' id='word_1_168' title='bbox 763 3387 848 3452; x_wconf 84' lang='lat' dir='ltr'>tum</span> <span class='ocrx_word' id='word_1_169' title='bbox 878 3389 998 3449; x_wconf 88' lang='lat' dir='ltr'>unum</span> <span class='ocrx_word' id='word_1_170' title='bbox 1030 3367 1151 3453; x_wconf 85' lang='lat' dir='ltr'>Horae</span> <span class='ocrx_word' id='word_1_171' title='bbox 1189 3364 1306 3454; x_wconf 75' lang='lat' dir='ltr'>sexta</span> <span class='ocrx_word' id='word_1_172' title='bbox 1326 3371 1353 3450; x_wconf 89' lang='lat' dir='ltr'><strong>F</strong></span> <span class='ocrx_word' id='word_1_173' title='bbox 1372 3375 1419 3454; x_wconf 85' lang='grc' dir='ltr'>Κ.</span> <span class='ocrx_word' id='word_1_174' title='bbox 1479 3367 1656 3483; x_wconf 82' lang='lat' dir='ltr'>Angulus</span> <span class='ocrx_word' id='word_1_175' title='bbox 1686 3368 1799 3454; x_wconf 87' lang='lat' dir='ltr'>lineae</span> <span class='ocrx_word' id='word_1_176' title='bbox 1826 3365 2059 3453; x_wconf 87' lang='lat' dir='ltr'>Meridianae</span> 
     </span>
     <span class='ocr_line' id='line_1_24' title="bbox 763 3481 2062 3602; baseline 0 -32"><span class='ocrx_word' id='word_1_177' title='bbox 763 3507 853 3570; x_wconf 83' lang='lat' dir='ltr'>cum</span> <span class='ocrx_word' id='word_1_178' title='bbox 884 3481 1100 3597; x_wconf 83' lang='lat' dir='ltr'>Substylari</span> <span class='ocrx_word' id='word_1_179' title='bbox 1127 3540 1140 3581; x_wconf 87' lang='lat'>‚</span> <span class='ocrx_word' id='word_1_180' title='bbox 1172 3510 1314 3599; x_wconf 86' lang='lat' dir='ltr'>nempe</span> <span class='ocrx_word' id='word_1_181' title='bbox 1344 3487 1508 3602; x_wconf 79' lang='lat' dir='ltr'>angulus</span> <span class='ocrx_word' id='word_1_182' title='bbox 1537 3489 1685 3582; x_wconf 85' lang='lat' dir='ltr'><strong>CFT,</strong></span> <span class='ocrx_word' id='word_1_183' title='bbox 1715 3487 1876 3599; x_wconf 83' lang='lat' dir='ltr'>aequalis</span> <span class='ocrx_word' id='word_1_184' title='bbox 1905 3481 2062 3598; x_wconf 83' lang='lat' dir='ltr'>semper</span> 
     </span>
     <span class='ocr_line' id='line_1_25' title="bbox 763 3600 2061 3723; baseline 0.004 -37"><span class='ocrx_word' id='word_1_185' title='bbox 763 3601 841 3697; x_wconf 85' lang='lat' dir='ltr'>ost,</span> <span class='ocrx_word' id='word_1_186' title='bbox 871 3600 912 3686; x_wconf 88' lang='lat' dir='ltr'>in</span> <span class='ocrx_word' id='word_1_187' title='bbox 935 3601 1165 3714; x_wconf 86' lang='lat' dir='ltr'>Horologio</span> <span class='ocrx_word' id='word_1_188' title='bbox 1187 3605 1364 3690; x_wconf 88' lang='lat' dir='ltr'>verticali</span> <span class='ocrx_word' id='word_1_189' title='bbox 1377 3663 1393 3706; x_wconf 88' lang='lat'>‚</span> <span class='ocrx_word' id='word_1_190' title='bbox 1424 3605 1574 3723; x_wconf 88' lang='lat' dir='ltr'>angulo</span> <span class='ocrx_word' id='word_1_191' title='bbox 1597 3605 1751 3706; x_wconf 73' lang='lat' dir='ltr'>cufi,</span> <span class='ocrx_word' id='word_1_192' title='bbox 1781 3604 2061 3694; x_wconf 79' lang='lat' dir='ltr'>Horizontabs</span> 
     </span>
     <span class='ocr_line' id='line_1_26' title="bbox 762 3718 1872 3833; baseline 0.005 -30"><span class='ocrx_word' id='word_1_193' title='bbox 762 3718 875 3804; x_wconf 84' lang='lat' dir='ltr'>iineae</span> <span class='ocrx_word' id='word_1_194' title='bbox 895 3743 983 3803; x_wconf 89' lang='lat' dir='ltr'>cum</span> <span class='ocrx_word' id='word_1_195' title='bbox 1005 3721 1304 3833; x_wconf 72' lang='lat' dir='ltr'>AEquinodiiaii.</span> <span class='ocrx_word' id='word_1_196' title='bbox 1869 3819 1872 3824; x_wconf 23' lang='lat'>¹</span> 
     </span>
    </p>

    <p class='ocr_par' dir='ltr' id='par_1_11' title="bbox 823 3835 2068 3957">
     <span class='ocr_line' id='line_1_27' title="bbox 823 3835 2068 3957; baseline 0.002 -35"><span class='ocrx_word' id='word_1_197' title='bbox 823 3850 878 3940; x_wconf 82' lang='lat'>3⁰.</span> <span class='ocrx_word' id='word_1_198' title='bbox 913 3837 1158 3926; x_wconf 85' lang='lat' dir='ltr'>Producatur</span> <span class='ocrx_word' id='word_1_199' title='bbox 1186 3835 1407 3957; x_wconf 87' lang='lat' dir='ltr'>substylaris</span> <span class='ocrx_word' id='word_1_200' title='bbox 1438 3845 1504 3927; x_wconf 88' lang='lat' dir='ltr'>FE</span> <span class='ocrx_word' id='word_1_201' title='bbox 1537 3837 1668 3932; x_wconf 84' lang='lat' dir='ltr'>versus</span> <span class='ocrx_word' id='word_1_202' title='bbox 1688 3848 1755 3945; x_wconf 82' lang='lat' dir='ltr'>P,</span> <span class='ocrx_word' id='word_1_203' title='bbox 1785 3841 1852 3928; x_wconf 85' lang='lat' dir='ltr'>iiat&#39;</span> <span class='ocrx_word' id='word_1_204' title='bbox 1876 3866 1964 3954; x_wconf 91' lang='lat' dir='ltr'>que</span> <span class='ocrx_word' id='word_1_205' title='bbox 1988 3842 2068 3926; x_wconf 81' lang='lat' dir='ltr'>EF</span> 
     </span>
    </p>
   </div>
   <div class='ocr_carea' id='block_1_10' title="bbox 729 3956 2058 4078">
    <p class='ocr_par' dir='ltr' id='par_1_12' title="bbox 729 3956 2058 4078">
     <span class='ocr_line' id='line_1_28' title="bbox 729 3956 2058 4078; baseline -0.002 -31"><span class='ocrx_word' id='word_1_206' title='bbox 729 3982 734 3990; x_wconf 83' lang='grc'><strong>’</strong></span> <span class='ocrx_word' id='word_1_207' title='bbox 761 3956 1053 4070; x_wconf 65' lang='lat' dir='ltr'>equalis-linea</span> <span class='ocrx_word' id='word_1_208' title='bbox 1080 3962 1155 4042; x_wconf 88' lang='lat' dir='ltr'>BE</span> <span class='ocrx_word' id='word_1_209' title='bbox 1175 3970 1286 4075; x_wconf 83' lang='lat' dir='ltr'>(quae</span> <span class='ocrx_word' id='word_1_210' title='bbox 1312 3986 1484 4048; x_wconf 78' lang='lat' dir='ltr'>vocatur</span> <span class='ocrx_word' id='word_1_211' title='bbox 1503 3959 1636 4050; x_wconf 88' lang='lat' dir='ltr'>radius</span> <span class='ocrx_word' id='word_1_212' title='bbox 1658 3961 1915 4078; x_wconf 72' lang='lat' dir='ltr'>AEq&#39;uatoris)</span> <span class='ocrx_word' id='word_1_213' title='bbox 1946 3965 1989 4046; x_wconf 80' lang='grc' dir='ltr'>δι</span> <span class='ocrx_word' id='word_1_214' title='bbox 2008 3988 2058 4046; x_wconf 84' lang='lat' dir='ltr'>ex</span> 
     </span>
    </p>
   </div>
   <div class='ocr_carea' id='block_1_11' title="bbox 760 4075 2068 4554">
    <p class='ocr_par' dir='ltr' id='par_1_13' title="bbox 760 4075 2067 4431">
     <span class='ocr_line' id='line_1_29' title="bbox 761 4075 2054 4191; baseline -0.001 -27"><span class='ocrx_word' id='word_1_215' title='bbox 761 4077 962 4185; x_wconf 77' lang='lat' dir='ltr'>puncto-P</span> <span class='ocrx_word' id='word_1_216' title='bbox 988 4075 1315 4191; x_wconf 69' lang='lat' dir='ltr'>ari-punctari&amp;</span> <span class='ocrx_word' id='word_1_217' title='bbox 1341 4097 1393 4168; x_wconf 86' lang='lat'>12</span> <span class='ocrx_word' id='word_1_218' title='bbox 1428 4078 1621 4168; x_wconf 89' lang='lat' dir='ltr'>ducantur</span> <span class='ocrx_word' id='word_1_219' title='bbox 1646 4083 1759 4168; x_wconf 88' lang='lat' dir='ltr'>lineae</span> <span class='ocrx_word' id='word_1_220' title='bbox 1780 4084 1911 4168; x_wconf 81' lang='lat' dir='ltr'>PK&amp;</span> <span class='ocrx_word' id='word_1_221' title='bbox 1933 4081 1964 4163; x_wconf 90' lang='grc' dir='ltr'>Ρ</span> <span class='ocrx_word' id='word_1_222' title='bbox 1988 4095 2054 4167; x_wconf 83' lang='lat'>12.</span> 
     </span>
     <span class='ocr_line' id='line_1_30' title="bbox 762 4191 2067 4316; baseline 0.007 -41"><span class='ocrx_word' id='word_1_223' title='bbox 762 4191 941 4305; x_wconf 85' lang='lat' dir='ltr'>Anguius</span> <span class='ocrx_word' id='word_1_224' title='bbox 966 4198 1045 4281; x_wconf 84' lang='grc' dir='ltr'>ΕΡ</span> <span class='ocrx_word' id='word_1_225' title='bbox 1075 4215 1126 4294; x_wconf 84' lang='lat'>12</span> <span class='ocrx_word' id='word_1_226' title='bbox 1146 4224 1314 4288; x_wconf 84' lang='lat' dir='ltr'>vocatus</span> <span class='ocrx_word' id='word_1_227' title='bbox 1342 4197 1565 4288; x_wconf 85' lang='lat' dir='ltr'>differentia</span> <span class='ocrx_word' id='word_1_228' title='bbox 1595 4201 1907 4316; x_wconf 86' lang='lat' dir='ltr'>Longitudinum</span> <span class='ocrx_word' id='word_1_229' title='bbox 1943 4199 2067 4284; x_wconf 84' lang='lat' dir='ltr'>Plani</span> 
     </span>
     <span class='ocr_line' id='line_1_31' title="bbox 760 4307 1930 4431; baseline 0.004 -37"><span class='ocrx_word' id='word_1_230' title='bbox 760 4311 800 4394; x_wconf 82' lang='lat' dir='ltr'>dt</span> <span class='ocrx_word' id='word_1_231' title='bbox 817 4311 917 4398; x_wconf 84' lang='lat' dir='ltr'>Lori</span> <span class='ocrx_word' id='word_1_232' title='bbox 939 4307 1003 4400; x_wconf 83' lang='lat' dir='ltr'>seu</span> <span class='ocrx_word' id='word_1_233' title='bbox 1028 4316 1232 4430; x_wconf 85' lang='lat' dir='ltr'>Regionis.</span> <span class='ocrx_word' id='word_1_234' title='bbox 1293 4318 1421 4431; x_wconf 88' lang='lat' dir='ltr'>Quod</span> <span class='ocrx_word' id='word_1_235' title='bbox 1439 4321 1611 4408; x_wconf 83' lang='lat' dir='ltr'>maxime</span> <span class='ocrx_word' id='word_1_236' title='bbox 1632 4317 1930 4407; x_wconf 84' lang='lat' dir='ltr'>observandum.</span> 
     </span>
    </p>

    <p class='ocr_par' dir='ltr' id='par_1_14' title="bbox 818 4432 2068 4554">
     <span class='ocr_line' id='line_1_32' title="bbox 818 4432 2068 4554; baseline 0.002 -37"><span class='ocrx_word' id='word_1_237' title='bbox 818 4447 878 4534; x_wconf 84' lang='lat'>4⁰·</span> <span class='ocrx_word' id='word_1_238' title='bbox 908 4432 966 4514; x_wconf 85' lang='lat' dir='ltr'>Ex</span> <span class='ocrx_word' id='word_1_239' title='bbox 993 4437 1137 4543; x_wconf 70' lang='lat' dir='ltr'>puncto</span> <span class='ocrx_word' id='word_1_240' title='bbox 1162 4440 1203 4524; x_wconf 86' lang='lat' dir='ltr'>P·</span> <span class='ocrx_word' id='word_1_241' title='bbox 1218 4459 1408 4554; x_wconf 87' lang='lat' dir='ltr'>tanquam</span> <span class='ocrx_word' id='word_1_242' title='bbox 1433 4433 1616 4538; x_wconf 50' lang='lat' dir='ltr'>(demto,</span> <span class='ocrx_word' id='word_1_243' title='bbox 1648 4438 1855 4553; x_wconf 81' lang='lat' dir='ltr'>(estenim</span> <span class='ocrx_word' id='word_1_244' title='bbox 1877 4461 2068 4524; x_wconf 88' lang='lat' dir='ltr'>centrum·</span> 
     </span>
    </p>
   </div>
   <div class='ocr_carea' id='block_1_12' title="bbox 758 4539 2070 4759">
    <p class='ocr_par' dir='ltr' id='par_1_15' title="bbox 758 4539 2070 4759">
     <span class='ocr_line' id='line_1_33' title="bbox 758 4539 2055 4757; baseline 0.012 -125"><span class='ocrx_word' id='word_1_245' title='bbox 758 4539 962 4638; x_wconf 84' lang='lat' dir='ltr'>divifionis</span> <span class='ocrx_word' id='word_1_246' title='bbox 975 4553 1277 4669; x_wconf 77' lang='lat' dir='ltr'>AEquinodtitb&#39;s</span> <span class='ocrx_word' id='word_1_247' title='bbox 1294 4554 1769 4672; x_wconf 66' lang='lat' dir='ltr'>GK.&gt;„deIcribetur··eum</span> <span class='ocrx_word' id='word_1_248' title='bbox 1781 4555 1903 4676; x_wconf 82' lang='lat' dir='ltr'>radio</span> <span class='ocrx_word' id='word_1_249' title='bbox 1926 4555 2055 4757; x_wconf 80' lang='lat' dir='ltr'>sump-</span> 
     </span>
     <span class='ocr_line' id='line_1_34' title="bbox 2024 4699 2070 4759; baseline 0 -19"><span class='ocrx_word' id='word_1_250' title='bbox 2024 4699 2070 4759; x_wconf 84' lang='lat'>0.</span> 
     </span>
    </p>
   </div>
   <div class='ocr_carea' id='block_1_13' title="bbox 0 0 2178 5672">
    <p class='ocr_par' dir='ltr' id='par_1_16' title="bbox 0 0 2178 5672">
     <span class='ocr_line' id='line_1_35' title="bbox 0 0 2178 5672; baseline 0 0"><span class='ocrx_word' id='word_1_251' title='bbox 0 0 2178 5672; x_wconf 95' lang='lat' dir='ltr'> </span> 
     </span>
    </p>
   </div>
   <div class='ocr_carea' id='block_1_14' title="bbox 2169 1454 2176 3170">
    <p class='ocr_par' dir='ltr' id='par_1_17' title="bbox 2169 1454 2176 3170">
     <span class='ocr_line' id='line_1_36' title="bbox 2169 1454 2176 3170; baseline 0 0"><span class='ocrx_word' id='word_1_252' title='bbox 2169 1454 2176 3170; x_wconf 95' lang='lat' dir='ltr'> </span> 
     </span>
    </p>
   </div>
  </div>
 </body>
</html>
