<?xml version="1.0" encoding="UTF-8"?>
<!DOCTYPE html PUBLIC "-//W3C//DTD XHTML 1.0 Transitional//EN"
    "http://www.w3.org/TR/xhtml1/DTD/xhtml1-transitional.dtd">
<html xmlns="http://www.w3.org/1999/xhtml" xml:lang="en" lang="en">
 <head>
  <title>
</title>
<meta http-equiv="Content-Type" content="text/html;charset=utf-8" />
  <meta name='ocr-system' content='tesseract 3.04.00' />
  <meta name='ocr-capabilities' content='ocr_page ocr_carea ocr_par ocr_line ocrx_word'/>
</head>
<body>
  <div class='ocr_page' id='page_1' title='image "./davidisgregorii00huargoog_0438.png"; bbox 0 0 4346 5676; ppageno 0'>
   <div class='ocr_carea' id='block_1_1' title="bbox 147 668 1450 1470">
    <p class='ocr_par' dir='ltr' id='par_1_1' title="bbox 151 668 1450 914">
     <span class='ocr_line' id='line_1_1' title="bbox 151 668 1450 799; baseline 0.002 -31"><span class='ocrx_word' id='word_1_1' title='bbox 151 688 345 772; x_wconf 81' lang='lat' dir='ltr'>Horarum</span> <span class='ocrx_word' id='word_1_2' title='bbox 377 703 553 767; x_wconf 79' lang='lat' dir='ltr'>muneror</span> <span class='ocrx_word' id='word_1_3' title='bbox 585 701 628 764; x_wconf 90' lang='lat' dir='ltr'>ut</span> <span class='ocrx_word' id='word_1_4' title='bbox 655 679 797 780; x_wconf 85' lang='lat' dir='ltr'>decet,</span> <span class='ocrx_word' id='word_1_5' title='bbox 856 679 895 758; x_wconf 79' lang='grc' dir='ltr'>δι</span> <span class='ocrx_word' id='word_1_6' title='bbox 919 668 1059 760; x_wconf 58' lang='lat' dir='ltr'>fabium</span> <span class='ocrx_word' id='word_1_7' title='bbox 1089 677 1161 766; x_wconf 85' lang='lat' dir='ltr'>erit</span> <span class='ocrx_word' id='word_1_8' title='bbox 1190 682 1450 799; x_wconf 80' lang='lat' dir='ltr'>Horologium</span> 
     </span>
     <span class='ocr_line' id='line_1_2' title="bbox 151 800 882 914; baseline -0.011 -28"><span class='ocrx_word' id='word_1_9' title='bbox 151 800 439 914; x_wconf 71' lang='lat' dir='ltr'>AEquinosiiale.</span> <span class='ocrx_word' id='word_1_10' title='bbox 879 825 882 830; x_wconf 89' lang='lat'>·</span> 
     </span>
    </p>

    <p class='ocr_par' dir='ltr' id='par_1_2' title="bbox 147 911 1449 1470">
     <span class='ocr_line' id='line_1_3' title="bbox 209 911 1447 1032; baseline 0.003 -30"><span class='ocrx_word' id='word_1_11' title='bbox 209 919 334 1030; x_wconf 88' lang='lat' dir='ltr'>Stylus</span> <span class='ocrx_word' id='word_1_12' title='bbox 357 916 397 1002; x_wconf 83' lang='lat' dir='ltr'>A</span> <span class='ocrx_word' id='word_1_13' title='bbox 426 923 457 1000; x_wconf 89' lang='lat' dir='ltr'>B</span> <span class='ocrx_word' id='word_1_14' title='bbox 486 913 650 1032; x_wconf 90' lang='lat' dir='ltr'>sumptus</span> <span class='ocrx_word' id='word_1_15' title='bbox 682 913 731 1002; x_wconf 91' lang='lat' dir='ltr'>ad</span> <span class='ocrx_word' id='word_1_16' title='bbox 760 911 910 1000; x_wconf 89' lang='lat' dir='ltr'>libitum</span> <span class='ocrx_word' id='word_1_17' title='bbox 936 915 989 998; x_wconf 90' lang='lat' dir='ltr'>ita</span> <span class='ocrx_word' id='word_1_18' title='bbox 1017 914 1225 1003; x_wconf 86' lang='lat' dir='ltr'>collocetur</span> <span class='ocrx_word' id='word_1_19' title='bbox 1256 920 1447 1007; x_wconf 89' lang='lat' dir='ltr'>incentro</span> 
     </span>
     <span class='ocr_line' id='line_1_4' title="bbox 150 1031 1449 1144; baseline 0.002 -22"><span class='ocrx_word' id='word_1_20' title='bbox 150 1033 219 1133; x_wconf 79' lang='grc' dir='ltr'>Α,</span> <span class='ocrx_word' id='word_1_21' title='bbox 252 1061 293 1118; x_wconf 87' lang='lat' dir='ltr'>ut</span> <span class='ocrx_word' id='word_1_22' title='bbox 322 1036 378 1120; x_wconf 88' lang='lat' dir='ltr'>ad·</span> <span class='ocrx_word' id='word_1_23' title='bbox 391 1034 548 1120; x_wconf 89' lang='lat' dir='ltr'>Planum</span> <span class='ocrx_word' id='word_1_24' title='bbox 572 1041 693 1120; x_wconf 71' lang='lat' dir='ltr'>rectus</span> <span class='ocrx_word' id='word_1_25' title='bbox 714 1031 786 1131; x_wconf 83' lang='lat' dir='ltr'>stt,</span> <span class='ocrx_word' id='word_1_26' title='bbox 817 1038 862 1119; x_wconf 94' lang='lat' dir='ltr'>In</span> <span class='ocrx_word' id='word_1_27' title='bbox 880 1033 951 1116; x_wconf 92' lang='lat' dir='ltr'>hac</span> <span class='ocrx_word' id='word_1_28' title='bbox 971 1031 1158 1144; x_wconf 76' lang='lat' dir='ltr'>positione</span> <span class='ocrx_word' id='word_1_29' title='bbox 1184 1065 1295 1122; x_wconf 85' lang='lat' dir='ltr'>axem</span> <span class='ocrx_word' id='word_1_30' title='bbox 1316 1041 1449 1124; x_wconf 75' lang='lat' dir='ltr'>munci</span> 
     </span>
     <span class='ocr_line' id='line_1_5' title="bbox 147 1149 1449 1266; baseline 0.003 -30"><span class='ocrx_word' id='word_1_31' title='bbox 147 1149 454 1264; x_wconf 74' lang='lat' dir='ltr'>repraesentabit,</span> <span class='ocrx_word' id='word_1_32' title='bbox 486 1153 701 1237; x_wconf 86' lang='lat' dir='ltr'>durrunodo</span> <span class='ocrx_word' id='word_1_33' title='bbox 729 1149 989 1262; x_wconf 88' lang='lat' dir='ltr'>Horologium</span> <span class='ocrx_word' id='word_1_34' title='bbox 1008 1151 1047 1232; x_wconf 93' lang='lat' dir='ltr'>in</span> <span class='ocrx_word' id='word_1_35' title='bbox 1069 1178 1119 1233; x_wconf 89' lang='lat' dir='ltr'>eo</span> <span class='ocrx_word' id='word_1_36' title='bbox 1143 1151 1211 1238; x_wconf 83' lang='lat' dir='ltr'>satu</span> <span class='ocrx_word' id='word_1_37' title='bbox 1231 1151 1449 1266; x_wconf 85' lang='lat' dir='ltr'>disponatur</span> 
     </span>
     <span class='ocr_line' id='line_1_6' title="bbox 147 1268 1449 1470; baseline 0.004 -117"><span class='ocrx_word' id='word_1_38' title='bbox 147 1298 264 1470; x_wconf 77' lang='lat' dir='ltr'>uuem</span> <span class='ocrx_word' id='word_1_39' title='bbox 298 1271 415 1382; x_wconf 87' lang='lat' dir='ltr'>paulo</span> <span class='ocrx_word' id='word_1_40' title='bbox 447 1271 532 1383; x_wconf 90' lang='lat' dir='ltr'>post</span> <span class='ocrx_word' id='word_1_41' title='bbox 559 1269 740 1354; x_wconf 78' lang='lat' dir='ltr'>dicemus·</span> <span class='ocrx_word' id='word_1_42' title='bbox 809 1268 941 1352; x_wconf 88' lang='lat' dir='ltr'>Debet</span> <span class='ocrx_word' id='word_1_43' title='bbox 977 1268 1184 1380; x_wconf 90' lang='lat' dir='ltr'>Horologii</span> <span class='ocrx_word' id='word_1_44' title='bbox 1214 1271 1310 1355; x_wconf 89' lang='lat' dir='ltr'>illius</span> <span class='ocrx_word' id='word_1_45' title='bbox 1336 1273 1449 1358; x_wconf 88' lang='lat' dir='ltr'>facies</span> 
     </span>
    </p>
   </div>
   <div class='ocr_carea' id='block_1_2' title="bbox 82 1383 1448 2676">
    <p class='ocr_par' dir='ltr' id='par_1_3' title="bbox 144 1383 1448 2202">
     <span class='ocr_line' id='line_1_7' title="bbox 148 1383 1446 1590; baseline 0.003 -121"><span class='ocrx_word' id='word_1_46' title='bbox 148 1389 315 1588; x_wconf 60' lang='lat' dir='ltr'>ltuprseriur</span> <span class='ocrx_word' id='word_1_47' title='bbox 346 1385 562 1588; x_wconf 61' lang='lat' dir='ltr'>quamlihlilc</span> <span class='ocrx_word' id='word_1_48' title='bbox 597 1383 854 1586; x_wconf 65' lang='lat' dir='ltr'>duscripsunuu</span> <span class='ocrx_word' id='word_1_49' title='bbox 883 1383 1022 1584; x_wconf 63' lang='lat' dir='ltr'>Volunnu</span> <span class='ocrx_word' id='word_1_50' title='bbox 1038 1385 1446 1590; x_wconf 53' lang='lat' dir='ltr'>rlioreumdrgupicere.</span> 
     </span>
     <span class='ocr_line' id='line_1_8' title="bbox 146 1531 1448 1733; baseline 0.002 -27"><span class='ocrx_word' id='word_1_51' title='bbox 146 1531 457 1720; x_wconf 54' lang='lat' dir='ltr'>afflatur?</span> <span class='ocrx_word' id='word_1_52' title='bbox 474 1531 959 1732; x_wconf 50' lang='lat' dir='ltr'>rarllrgl&#39;llrtlm</span> <span class='ocrx_word' id='word_1_53' title='bbox 985 1531 1276 1733; x_wconf 61' lang='lat' dir='ltr'>allatii</span> <span class='ocrx_word' id='word_1_54' title='bbox 1291 1535 1448 1709; x_wconf 54' lang='lat' dir='ltr'>delli</span> 
     </span>
     <span class='ocr_line' id='line_1_9' title="bbox 145 1732 1447 1854; baseline 0.004 -33"><span class='ocrx_word' id='word_1_55' title='bbox 145 1737 288 1823; x_wconf 72' lang='lat' dir='ltr'>diredle</span> <span class='ocrx_word' id='word_1_56' title='bbox 316 1740 366 1824; x_wconf 87' lang='lat' dir='ltr'>ad</span> <span class='ocrx_word' id='word_1_57' title='bbox 387 1736 599 1822; x_wconf 82' lang='lat' dir='ltr'>Australem</span> <span class='ocrx_word' id='word_1_58' title='bbox 618 1739 754 1822; x_wconf 86' lang='lat' dir='ltr'>Polum</span> <span class='ocrx_word' id='word_1_59' title='bbox 784 1732 1001 1822; x_wconf 78' lang='lat' dir='ltr'>obversum.</span> <span class='ocrx_word' id='word_1_60' title='bbox 1064 1741 1244 1853; x_wconf 80' lang='lat' dir='ltr'>Qandiu</span> <span class='ocrx_word' id='word_1_61' title='bbox 1266 1743 1335 1825; x_wconf 84' lang='lat' dir='ltr'>Sol</span> <span class='ocrx_word' id='word_1_62' title='bbox 1362 1769 1447 1854; x_wconf 69' lang='lat' dir='ltr'>par»</span> 
     </span>
     <span class='ocr_line' id='line_1_10' title="bbox 146 1854 1447 1970; baseline 0.003 -32"><span class='ocrx_word' id='word_1_63' title='bbox 146 1880 226 1940; x_wconf 92' lang='lat' dir='ltr'>tem</span> <span class='ocrx_word' id='word_1_64' title='bbox 262 1857 399 1940; x_wconf 85' lang='lat' dir='ltr'>Mundi</span> <span class='ocrx_word' id='word_1_65' title='bbox 431 1855 638 1941; x_wconf 78' lang='lat' dir='ltr'>borealem·</span> <span class='ocrx_word' id='word_1_66' title='bbox 665 1855 908 1966; x_wconf 81' lang='lat' dir='ltr'>occupabit,</span> <span class='ocrx_word' id='word_1_67' title='bbox 948 1855 986 1936; x_wconf 91' lang='lat' dir='ltr'>in</span> <span class='ocrx_word' id='word_1_68' title='bbox 1024 1857 1245 1969; x_wconf 91' lang='lat' dir='ltr'>Horologio</span> <span class='ocrx_word' id='word_1_69' title='bbox 1270 1854 1447 1970; x_wconf 88' lang='lat' dir='ltr'>superiori</span> 
     </span>
     <span class='ocr_line' id='line_1_11' title="bbox 144 1970 1445 2084; baseline 0.003 -27"><span class='ocrx_word' id='word_1_70' title='bbox 144 1979 263 2057; x_wconf 74' lang='lat' dir='ltr'>Horae</span> <span class='ocrx_word' id='word_1_71' title='bbox 284 1974 551 2064; x_wconf 82' lang='lat' dir='ltr'>ostendentur3</span> <span class='ocrx_word' id='word_1_72' title='bbox 581 1995 702 2084; x_wconf 79' lang='lat' dir='ltr'>quum</span> <span class='ocrx_word' id='word_1_73' title='bbox 718 1998 813 2054; x_wconf 91' lang='lat' dir='ltr'>vero</span> <span class='ocrx_word' id='word_1_74' title='bbox 832 1970 1011 2080; x_wconf 71' lang='lat' dir='ltr'>insignis</span> <span class='ocrx_word' id='word_1_75' title='bbox 1028 1972 1340 2059; x_wconf 85' lang='lat' dir='ltr'>Meridionalibus</span> <span class='ocrx_word' id='word_1_76' title='bbox 1359 2005 1445 2061; x_wconf 88' lang='lat' dir='ltr'>ver·</span> 
     </span>
     <span class='ocr_line' id='line_1_12' title="bbox 146 2085 1265 2202; baseline 0.001 -29"><span class='ocrx_word' id='word_1_77' title='bbox 146 2085 285 2174; x_wconf 76' lang='lat' dir='ltr'>subitur</span> <span class='ocrx_word' id='word_1_78' title='bbox 297 2149 312 2189; x_wconf 86' lang='lat'>,</span> <span class='ocrx_word' id='word_1_79' title='bbox 343 2097 460 2175; x_wconf 88' lang='lat' dir='ltr'>Horae</span> <span class='ocrx_word' id='word_1_80' title='bbox 486 2088 771 2202; x_wconf 79' lang='lat' dir='ltr'>inHorologio-</span> <span class='ocrx_word' id='word_1_81' title='bbox 788 2085 964 2170; x_wconf 80' lang='lat' dir='ltr'>Inseriom‘</span> <span class='ocrx_word' id='word_1_82' title='bbox 987 2087 1265 2174; x_wconf 89' lang='lat' dir='ltr'>indicabuntur.</span> 
     </span>
    </p>

    <p class='ocr_par' dir='ltr' id='par_1_4' title="bbox 82 2202 1445 2676">
     <span class='ocr_line' id='line_1_13' title="bbox 82 2202 1445 2322; baseline -0.007 -29"><span class='ocrx_word' id='word_1_83' title='bbox 82 2229 88 2238; x_wconf 84' lang='lat'>·</span> <span class='ocrx_word' id='word_1_84' title='bbox 125 2253 128 2260; x_wconf 96' lang='lat'>·</span> <span class='ocrx_word' id='word_1_85' title='bbox 204 2211 267 2292; x_wconf 94' lang='lat' dir='ltr'>Ut</span> <span class='ocrx_word' id='word_1_86' title='bbox 294 2207 504 2292; x_wconf 87' lang='lat' dir='ltr'>collocetur</span> <span class='ocrx_word' id='word_1_87' title='bbox 531 2207 625 2291; x_wconf 92' lang='lat' dir='ltr'>illud</span> <span class='ocrx_word' id='word_1_88' title='bbox 656 2207 915 2318; x_wconf 85' lang='lat' dir='ltr'>Horologium</span> <span class='ocrx_word' id='word_1_89' title='bbox 942 2204 981 2287; x_wconf 93' lang='lat' dir='ltr'>in</span> <span class='ocrx_word' id='word_1_90' title='bbox 1009 2202 1080 2322; x_wconf 83' lang='lat' dir='ltr'>suu</span> <span class='ocrx_word' id='word_1_91' title='bbox 1110 2235 1308 2322; x_wconf 88' lang='lat' dir='ltr'>congruo,</span> <span class='ocrx_word' id='word_1_92' title='bbox 1339 2210 1445 2297; x_wconf 77' lang='lat' dir='ltr'>inve.</span> 
     </span>
     <span class='ocr_line' id='line_1_14' title="bbox 142 2322 1445 2440; baseline 0.001 -28"><span class='ocrx_word' id='word_1_93' title='bbox 142 2325 320 2412; x_wconf 85' lang='lat' dir='ltr'>niaturin</span> <span class='ocrx_word' id='word_1_94' title='bbox 347 2327 464 2410; x_wconf 88' lang='lat' dir='ltr'>Plano</span> <span class='ocrx_word' id='word_1_95' title='bbox 487 2325 727 2410; x_wconf 88' lang='lat' dir='ltr'>Horizontali</span> <span class='ocrx_word' id='word_1_96' title='bbox 743 2323 842 2407; x_wconf 90' lang='lat' dir='ltr'>linea</span> <span class='ocrx_word' id='word_1_97' title='bbox 866 2322 1226 2424; x_wconf 62' lang='lat' dir='ltr'>meridianarum,</span> <span class='ocrx_word' id='word_1_98' title='bbox 1259 2327 1445 2440; x_wconf 88' lang='lat' dir='ltr'>adquam</span> 
     </span>
     <span class='ocr_line' id='line_1_15' title="bbox 144 2441 1445 2557; baseline 0.002 -30"><span class='ocrx_word' id='word_1_99' title='bbox 144 2443 464 2557; x_wconf 79' lang='lat' dir='ltr'>perpendicularis</span> <span class='ocrx_word' id='word_1_100' title='bbox 494 2444 653 2532; x_wconf 88' lang='lat' dir='ltr'>ducatur</span> <span class='ocrx_word' id='word_1_101' title='bbox 681 2441 779 2526; x_wconf 86' lang='lat' dir='ltr'>linea</span> <span class='ocrx_word' id='word_1_102' title='bbox 805 2443 844 2522; x_wconf 97' lang='lat' dir='ltr'>V</span> <span class='ocrx_word' id='word_1_103' title='bbox 868 2441 914 2524; x_wconf 87' lang='lat' dir='ltr'>R.</span> <span class='ocrx_word' id='word_1_104' title='bbox 972 2444 1083 2524; x_wconf 89' lang='lat' dir='ltr'>Tunc</span> <span class='ocrx_word' id='word_1_105' title='bbox 1107 2441 1160 2526; x_wconf 88' lang='lat' dir='ltr'>ita</span> <span class='ocrx_word' id='word_1_106' title='bbox 1179 2445 1341 2557; x_wconf 85' lang='lat' dir='ltr'>erigatur</span> <span class='ocrx_word' id='word_1_107' title='bbox 1359 2454 1445 2532; x_wconf 91' lang='lat' dir='ltr'>Ho-</span> 
     </span>
     <span class='ocr_line' id='line_1_16' title="bbox 141 2554 1444 2676; baseline 0.003 -32"><span class='ocrx_word' id='word_1_108' title='bbox 141 2560 336 2673; x_wconf 91' lang='lat' dir='ltr'>rologium</span> <span class='ocrx_word' id='word_1_109' title='bbox 370 2554 477 2675; x_wconf 84' lang='lat' dir='ltr'>super</span> <span class='ocrx_word' id='word_1_110' title='bbox 507 2561 645 2646; x_wconf 87' lang='lat' dir='ltr'>lineam</span> <span class='ocrx_word' id='word_1_111' title='bbox 677 2562 716 2643; x_wconf 94' lang='lat' dir='ltr'>V</span> <span class='ocrx_word' id='word_1_112' title='bbox 741 2561 803 2657; x_wconf 87' lang='lat' dir='ltr'>R,</span> <span class='ocrx_word' id='word_1_113' title='bbox 834 2583 876 2642; x_wconf 92' lang='lat' dir='ltr'>ut</span> <span class='ocrx_word' id='word_1_114' title='bbox 903 2556 1039 2642; x_wconf 88' lang='lat' dir='ltr'>limbus</span> <span class='ocrx_word' id='word_1_115' title='bbox 1061 2563 1194 2676; x_wconf 65' lang='lat' dir='ltr'>Qu,</span> <span class='ocrx_word' id='word_1_116' title='bbox 1232 2565 1299 2672; x_wconf 92' lang='lat' dir='ltr'>qui</span> <span class='ocrx_word' id='word_1_117' title='bbox 1326 2563 1444 2650; x_wconf 90' lang='lat' dir='ltr'>debet</span> 
     </span>
    </p>
   </div>
   <div class='ocr_carea' id='block_1_3' title="bbox 1476 689 1637 925">
    <p class='ocr_par' dir='ltr' id='par_1_5' title="bbox 1476 689 1637 925">
     <span class='ocr_line' id='line_1_17' title="bbox 1481 689 1596 758; baseline 0.009 -13"><span class='ocrx_word' id='word_1_118' title='bbox 1481 689 1596 758; x_wconf 56' lang='grc' dir='ltr'>ΕΜ,</span> 
     </span>
     <span class='ocr_line' id='line_1_18' title="bbox 1478 765 1637 836; baseline 0 -12"><span class='ocrx_word' id='word_1_119' title='bbox 1478 765 1542 826; x_wconf 65' lang='lat' dir='ltr'>Tab·</span> <span class='ocrx_word' id='word_1_120' title='bbox 1564 769 1591 825; x_wconf 75' lang='lat' dir='ltr'>I·</span> <span class='ocrx_word' id='word_1_121' title='bbox 1628 807 1637 836; x_wconf 65' lang='grc' dir='ltr'>,ι</span> 
     </span>
     <span class='ocr_line' id='line_1_19' title="bbox 1476 847 1588 925; baseline 0 -21"><span class='ocrx_word' id='word_1_122' title='bbox 1476 847 1532 925; x_wconf 65' lang='lat' dir='ltr'>Eg·</span> <span class='ocrx_word' id='word_1_123' title='bbox 1548 852 1588 911; x_wconf 67' lang='lat'>60¹</span> 
     </span>
    </p>
   </div>
   <div class='ocr_carea' id='block_1_4' title="bbox 141 2675 1603 2907">
    <p class='ocr_par' dir='ltr' id='par_1_6' title="bbox 141 2675 1603 2907">
     <span class='ocr_line' id='line_1_20' title="bbox 142 2675 1502 2789; baseline 0 -26"><span class='ocrx_word' id='word_1_124' title='bbox 142 2675 217 2763; x_wconf 86' lang='lat' dir='ltr'>else</span> <span class='ocrx_word' id='word_1_125' title='bbox 242 2678 459 2784; x_wconf 75' lang='lat' dir='ltr'>adlimam</span> <span class='ocrx_word' id='word_1_126' title='bbox 493 2675 532 2762; x_wconf 84' lang='lat' dir='ltr'>A</span> <span class='ocrx_word' id='word_1_127' title='bbox 567 2697 632 2770; x_wconf 86' lang='lat'>12.</span> <span class='ocrx_word' id='word_1_128' title='bbox 695 2676 1015 2789; x_wconf 74' lang='lat' dir='ltr'>perpendicularis</span> <span class='ocrx_word' id='word_1_129' title='bbox 1053 2679 1258 2770; x_wconf 88' lang='lat' dir='ltr'>conveniat</span> <span class='ocrx_word' id='word_1_130' title='bbox 1290 2707 1377 2763; x_wconf 90' lang='lat' dir='ltr'>cum</span> <span class='ocrx_word' id='word_1_131' title='bbox 1400 2683 1445 2764; x_wconf 90' lang='lat' dir='ltr'>li·</span> <span class='ocrx_word' id='word_1_132' title='bbox 1494 2759 1502 2771; x_wconf 81' lang='grc'><strong>,</strong></span> 
     </span>
     <span class='ocr_line' id='line_1_21' title="bbox 141 2791 1603 2907; baseline -0.003 -27"><span class='ocrx_word' id='word_1_133' title='bbox 141 2823 214 2880; x_wconf 87' lang='lat' dir='ltr'>nea</span> <span class='ocrx_word' id='word_1_134' title='bbox 247 2798 287 2877; x_wconf 96' lang='lat' dir='ltr'>V</span> <span class='ocrx_word' id='word_1_135' title='bbox 318 2799 378 2894; x_wconf 86' lang='lat' dir='ltr'>R,</span> <span class='ocrx_word' id='word_1_136' title='bbox 411 2801 451 2880; x_wconf 76' lang='lat' dir='ltr'>or</span> <span class='ocrx_word' id='word_1_137' title='bbox 483 2795 640 2880; x_wconf 81' lang='lat' dir='ltr'>Planum</span> <span class='ocrx_word' id='word_1_138' title='bbox 669 2793 879 2907; x_wconf 90' lang='lat' dir='ltr'>Horologii</span> <span class='ocrx_word' id='word_1_139' title='bbox 906 2791 1042 2878; x_wconf 89' lang='lat' dir='ltr'>efficiat</span> <span class='ocrx_word' id='word_1_140' title='bbox 1070 2823 1157 2880; x_wconf 88' lang='lat' dir='ltr'>curn</span> <span class='ocrx_word' id='word_1_141' title='bbox 1181 2801 1443 2883; x_wconf 90' lang='lat' dir='ltr'>Horonzontis</span> <span class='ocrx_word' id='word_1_142' title='bbox 1599 2867 1603 2875; x_wconf 92' lang='lat'>.</span> 
     </span>
    </p>
   </div>
   <div class='ocr_carea' id='block_1_5' title="bbox 141 2911 1455 3233">
    <p class='ocr_par' dir='ltr' id='par_1_7' title="bbox 141 2911 1455 3233">
     <span class='ocr_line' id='line_1_22' title="bbox 141 2911 1455 3029; baseline 0.005 -33"><span class='ocrx_word' id='word_1_143' title='bbox 141 2913 262 2996; x_wconf 86' lang='lat' dir='ltr'>Plano</span> <span class='ocrx_word' id='word_1_144' title='bbox 293 2914 473 3027; x_wconf 86' lang='lat' dir='ltr'>angulum</span> <span class='ocrx_word' id='word_1_145' title='bbox 497 2911 679 3029; x_wconf 72' lang='lat' dir='ltr'>aqualem</span> <span class='ocrx_word' id='word_1_146' title='bbox 708 2911 1010 3024; x_wconf 80' lang='lat' dir='ltr'>complemento</span> <span class='ocrx_word' id='word_1_147' title='bbox 1031 2913 1256 3011; x_wconf 83' lang='lat' dir='ltr'>Latitudinis</span> <span class='ocrx_word' id='word_1_148' title='bbox 1279 2913 1355 3000; x_wconf 91' lang='lat' dir='ltr'>loci</span> <span class='ocrx_word' id='word_1_149' title='bbox 1380 2913 1455 3004; x_wconf 84' lang='lat' dir='ltr'>seu·</span> 
     </span>
     <span class='ocr_line' id='line_1_23' title="bbox 142 3031 847 3233; baseline 0.003 -118"><span class='ocrx_word' id='word_1_150' title='bbox 142 3031 381 3128; x_wconf 84' lang='lat' dir='ltr'>Elevationis.</span> <span class='ocrx_word' id='word_1_151' title='bbox 399 3031 502 3116; x_wconf 80' lang='lat' dir='ltr'>Poli.¹</span> <span class='ocrx_word' id='word_1_152' title='bbox 749 3056 791 3232; x_wconf 61' lang='grc' dir='ltr'>Ἰ</span> <span class='ocrx_word' id='word_1_153' title='bbox 816 3150 847 3233; x_wconf 56' lang='lat' dir='ltr'>E</span> 
     </span>
    </p>
   </div>
   <div class='ocr_carea' id='block_1_6' title="bbox 300 3379 1291 3600">
    <p class='ocr_par' dir='ltr' id='par_1_8' title="bbox 300 3379 1291 3600">
     <span class='ocr_line' id='line_1_24' title="bbox 300 3379 1291 3502; baseline -0.002 -30"><span class='ocrx_word' id='word_1_154' title='bbox 300 3379 722 3502; x_wconf 68' lang='lat' dir='ltr'>ffirologium&#39;Polare,</span> <span class='ocrx_word' id='word_1_155' title='bbox 738 3381 806 3496; x_wconf 75' lang='lat' dir='ltr'>se&#39;ic</span> <span class='ocrx_word' id='word_1_156' title='bbox 829 3395 872 3468; x_wconf 83' lang='lat' dir='ltr'>in</span> <span class='ocrx_word' id='word_1_157' title='bbox 891 3382 1105 3470; x_wconf 82' lang='lat' dir='ltr'>Horizonte</span> <span class='ocrx_word' id='word_1_158' title='bbox 1134 3383 1291 3501; x_wconf 56' lang='lat' dir='ltr'>tuboe·</span> 
     </span>
     <span class='ocr_line' id='line_1_25' title="bbox 623 3503 956 3600; baseline -0.012 -8"><span class='ocrx_word' id='word_1_159' title='bbox 623 3503 745 3600; x_wconf 69' lang='lat' dir='ltr'>Reme</span> <span class='ocrx_word' id='word_1_160' title='bbox 762 3508 956 3590; x_wconf 78' lang='lat' dir='ltr'>delineare.</span> 
     </span>
    </p>
   </div>
   <div class='ocr_carea' id='block_1_7' title="bbox 141 3737 1447 4767">
    <p class='ocr_par' dir='ltr' id='par_1_9' title="bbox 141 3737 1440 4092">
     <span class='ocr_line' id='line_1_26' title="bbox 202 3737 1440 3858; baseline 0.002 -33"><span class='ocrx_word' id='word_1_161' title='bbox 202 3743 462 3858; x_wconf 85' lang='lat' dir='ltr'>Horologium</span> <span class='ocrx_word' id='word_1_162' title='bbox 507 3743 666 3828; x_wconf 87' lang='lat' dir='ltr'>articulo</span> <span class='ocrx_word' id='word_1_163' title='bbox 711 3741 947 3857; x_wconf 71' lang='lat' dir='ltr'>precedente</span> <span class='ocrx_word' id='word_1_164' title='bbox 996 3737 1219 3852; x_wconf 88' lang='lat' dir='ltr'>descriptum</span> <span class='ocrx_word' id='word_1_165' title='bbox 1257 3741 1440 3827; x_wconf 88' lang='lat' dir='ltr'>convenit</span> 
     </span>
     <span class='ocr_line' id='line_1_27' title="bbox 141 3853 1439 3974; baseline 0 -30"><span class='ocrx_word' id='word_1_166' title='bbox 141 3861 346 3952; x_wconf 80' lang='lat' dir='ltr'>Horizonti</span> <span class='ocrx_word' id='word_1_167' title='bbox 369 3863 530 3974; x_wconf 84' lang='lat' dir='ltr'>Sphaerae</span> <span class='ocrx_word' id='word_1_168' title='bbox 547 3861 757 3947; x_wconf 81' lang='lat' dir='ltr'>Parallelae:</span> <span class='ocrx_word' id='word_1_169' title='bbox 788 3853 850 3943; x_wconf 89' lang='lat' dir='ltr'>hic</span> <span class='ocrx_word' id='word_1_170' title='bbox 874 3854 1103 3944; x_wconf 86' lang='lat' dir='ltr'>describetur</span> <span class='ocrx_word' id='word_1_171' title='bbox 1124 3857 1383 3974; x_wconf 89' lang='lat' dir='ltr'>Horologium</span> <span class='ocrx_word' id='word_1_172' title='bbox 1399 3861 1439 3944; x_wconf 91' lang='lat' dir='ltr'>in</span> 
     </span>
     <span class='ocr_line' id='line_1_28' title="bbox 143 3976 1121 4092; baseline 0.005 -30"><span class='ocrx_word' id='word_1_173' title='bbox 143 3978 358 4063; x_wconf 90' lang='lat' dir='ltr'>Horizonte</span> <span class='ocrx_word' id='word_1_174' title='bbox 378 3976 522 4090; x_wconf 82' lang='lat' dir='ltr'>sphaerae</span> <span class='ocrx_word' id='word_1_175' title='bbox 548 3982 682 4064; x_wconf 77' lang='lat' dir='ltr'>Reuae.</span> <span class='ocrx_word' id='word_1_176' title='bbox 851 4061 856 4072; x_wconf 80' lang='grc'>,</span> <span class='ocrx_word' id='word_1_177' title='bbox 1118 4087 1121 4092; x_wconf 66' lang='lat'>,</span> 
     </span>
    </p>

    <p class='ocr_par' dir='ltr' id='par_1_10' title="bbox 142 4093 1447 4767">
     <span class='ocr_line' id='line_1_29' title="bbox 202 4093 1447 4211; baseline 0.002 -34"><span class='ocrx_word' id='word_1_178' title='bbox 202 4099 375 4178; x_wconf 87' lang='lat' dir='ltr'>Ducarur</span> <span class='ocrx_word' id='word_1_179' title='bbox 396 4093 495 4180; x_wconf 88' lang='lat' dir='ltr'>linea</span> <span class='ocrx_word' id='word_1_180' title='bbox 514 4099 574 4180; x_wconf 78' lang='lat'>11²</span> <span class='ocrx_word' id='word_1_181' title='bbox 604 4097 919 4209; x_wconf 66' lang='lat' dir='ltr'>AEquiirodlialis‚</span> <span class='ocrx_word' id='word_1_182' title='bbox 957 4123 1072 4211; x_wconf 84' lang='lat' dir='ltr'>quam</span> <span class='ocrx_word' id='word_1_183' title='bbox 1095 4097 1134 4181; x_wconf 92' lang='lat' dir='ltr'>in</span> <span class='ocrx_word' id='word_1_184' title='bbox 1155 4093 1285 4180; x_wconf 89' lang='lat' dir='ltr'>medio</span> <span class='ocrx_word' id='word_1_185' title='bbox 1315 4101 1352 4178; x_wconf 95' lang='lat'>0</span> <span class='ocrx_word' id='word_1_186' title='bbox 1387 4095 1447 4180; x_wconf 89' lang='lat' dir='ltr'>ad</span> 
     </span>
     <span class='ocr_line' id='line_1_30' title="bbox 143 4210 1437 4325; baseline -0.002 -29"><span class='ocrx_word' id='word_1_187' title='bbox 143 4213 304 4325; x_wconf 90' lang='lat' dir='ltr'>angulos</span> <span class='ocrx_word' id='word_1_188' title='bbox 337 4215 460 4296; x_wconf 65' lang='lat' dir='ltr'>reatos</span> <span class='ocrx_word' id='word_1_189' title='bbox 490 4210 588 4299; x_wconf 90' lang='lat' dir='ltr'>secet</span> <span class='ocrx_word' id='word_1_190' title='bbox 621 4215 833 4300; x_wconf 88' lang='lat' dir='ltr'>Meridiana</span> <span class='ocrx_word' id='word_1_191' title='bbox 864 4215 913 4298; x_wconf 86' lang='lat' dir='ltr'>A.</span> <span class='ocrx_word' id='word_1_192' title='bbox 937 4218 975 4298; x_wconf 90' lang='lat' dir='ltr'>G</span> <span class='ocrx_word' id='word_1_193' title='bbox 1003 4211 1067 4298; x_wconf 88' lang='lat' dir='ltr'>seu</span> <span class='ocrx_word' id='word_1_194' title='bbox 1088 4215 1195 4299; x_wconf 59' lang='lat' dir='ltr'>linea«</span> <span class='ocrx_word' id='word_1_195' title='bbox 1211 4219 1329 4299; x_wconf 83' lang='lat' dir='ltr'>Horae</span> <span class='ocrx_word' id='word_1_196' title='bbox 1372 4231 1437 4302; x_wconf 87' lang='lat'>12.</span> 
     </span>
     <span class='ocr_line' id='line_1_31' title="bbox 142 4329 1445 4444; baseline 0 -32"><span class='ocrx_word' id='word_1_197' title='bbox 142 4331 326 4413; x_wconf 84' lang='lat' dir='ltr'>Sumatur</span> <span class='ocrx_word' id='word_1_198' title='bbox 348 4329 410 4413; x_wconf 55' lang='lat' dir='ltr'>ad*</span> <span class='ocrx_word' id='word_1_199' title='bbox 421 4329 614 4415; x_wconf 89' lang='lat' dir='ltr'>arbitrium</span> <span class='ocrx_word' id='word_1_200' title='bbox 639 4361 725 4444; x_wconf 90' lang='lat' dir='ltr'>pars</span> <span class='ocrx_word' id='word_1_201' title='bbox 751 4339 788 4416; x_wconf 94' lang='grc' dir='ltr'>Ο</span> <span class='ocrx_word' id='word_1_202' title='bbox 813 4330 916 4416; x_wconf 80' lang='lat' dir='ltr'>Ain</span> <span class='ocrx_word' id='word_1_203' title='bbox 937 4331 1151 4416; x_wconf 87' lang='lat' dir='ltr'>Meridiana&#39;</span> <span class='ocrx_word' id='word_1_204' title='bbox 1169 4333 1266 4418; x_wconf 75' lang='lat' dir='ltr'>linea</span> <span class='ocrx_word' id='word_1_205' title='bbox 1290 4358 1362 4441; x_wconf 92' lang='lat' dir='ltr'>pro</span> <span class='ocrx_word' id='word_1_206' title='bbox 1386 4329 1445 4412; x_wconf 90' lang='lat' dir='ltr'>al·-</span> 
     </span>
     <span class='ocr_line' id='line_1_32' title="bbox 146 4445 1438 4562; baseline 0 -34"><span class='ocrx_word' id='word_1_207' title='bbox 146 4446 309 4530; x_wconf 84' lang='lat' dir='ltr'>titudine</span> <span class='ocrx_word' id='word_1_208' title='bbox 330 4445 427 4557; x_wconf 86' lang='lat' dir='ltr'>Styli</span> <span class='ocrx_word' id='word_1_209' title='bbox 455 4450 569 4547; x_wconf 76' lang='lat' dir='ltr'>reor,</span> <span class='ocrx_word' id='word_1_210' title='bbox 602 4455 642 4534; x_wconf 80' lang='lat' dir='ltr'>dc</span> <span class='ocrx_word' id='word_1_211' title='bbox 662 4449 764 4535; x_wconf 86' lang='lat' dir='ltr'>exA</span> <span class='ocrx_word' id='word_1_212' title='bbox 782 4474 962 4562; x_wconf 86' lang='lat' dir='ltr'>tanquam</span> <span class='ocrx_word' id='word_1_213' title='bbox 977 4475 1108 4534; x_wconf 85' lang='lat' dir='ltr'>centro</span> <span class='ocrx_word' id='word_1_214' title='bbox 1135 4445 1364 4535; x_wconf 88' lang='lat' dir='ltr'>describatur</span> <span class='ocrx_word' id='word_1_215' title='bbox 1388 4447 1438 4552; x_wconf 80' lang='lat' dir='ltr'>ad</span> 
     </span>
     <span class='ocr_line' id='line_1_33' title="bbox 143 4561 1442 4767; baseline 0 -115"><span class='ocrx_word' id='word_1_216' title='bbox 143 4561 354 4680; x_wconf 80' lang='lat' dir='ltr'>quamlibet</span> <span class='ocrx_word' id='word_1_217' title='bbox 386 4563 597 4665; x_wconf 73' lang='lat' dir='ltr'>diturum</span> <span class='ocrx_word' id='word_1_218' title='bbox 618 4565 681 4660; x_wconf 82' lang='lat' dir='ltr'>seu</span> <span class='ocrx_word' id='word_1_219' title='bbox 700 4595 750 4657; x_wconf 85' lang='lat' dir='ltr'>ex</span> <span class='ocrx_word' id='word_1_220' title='bbox 777 4577 1009 4750; x_wconf 59' lang='lat' dir='ltr'>gruouurque</span> <span class='ocrx_word' id='word_1_221' title='bbox 1030 4568 1139 4654; x_wconf 88' lang='lat' dir='ltr'>ra&#39;dio</span> <span class='ocrx_word' id='word_1_222' title='bbox 1160 4562 1442 4767; x_wconf 45' lang='lat' dir='ltr'>quamdi-i</span> 
     </span>
    </p>
   </div>
   <div class='ocr_carea' id='block_1_8' title="bbox 1469 3737 1626 3826">
    <p class='ocr_par' dir='ltr' id='par_1_11' title="bbox 1469 3737 1626 3826">
     <span class='ocr_line' id='line_1_34' title="bbox 1469 3737 1626 3826; baseline 0.019 -18"><span class='ocrx_word' id='word_1_223' title='bbox 1469 3737 1523 3826; x_wconf 67' lang='lat' dir='ltr'>llg&#39;.</span> <span class='ocrx_word' id='word_1_224' title='bbox 1538 3758 1584 3814; x_wconf 63' lang='grc' dir='ltr'>τε·</span> <span class='ocrx_word' id='word_1_225' title='bbox 1624 3769 1626 3776; x_wconf 63' lang='grc'><em>’</em></span> 
     </span>
    </p>
   </div>
   <div class='ocr_carea' id='block_1_9' title="bbox 0 0 2178 5676">
    <p class='ocr_par' dir='ltr' id='par_1_12' title="bbox 0 0 2178 5676">
     <span class='ocr_line' id='line_1_35' title="bbox 0 0 2178 5676; baseline 0 5"><span class='ocrx_word' id='word_1_226' title='bbox 0 0 2178 5676; x_wconf 95' lang='lat' dir='ltr'> </span> 
     </span>
    </p>
   </div>
  </div>
 </body>
</html>
