4376 5694
761 588 834 679 546
982 567 1514 686 astronomum
1568 567 1925 656 neretum
1983 582 2024 626 e

759 747 780 803 n
815 719 946 804 Solem
979 706 1183 826 integrum·
1211 711 1364 796 videbit
1393 707 1416 794 ὲ
1447 712 1555 794 Luna
1586 715 1728 795 tellum
1745 769 1758 809 ,
1803 712 1843 794 in
1880 714 2054 824 pollerlo·¹

757 835 790 916 ri
820 837 1022 945 Spectator
1052 832 1091 911 in
1119 855 1145 910 n
1178 825 1323 938 pofitus
1349 825 1450 907 circa
1474 819 1676 906 obscuram
1705 827 1853 908 Lunam
1879 829 2051 912 circulum

755 947 926 1038 &Solari
958 941 1076 1029 Disco
1108 940 1299 1026 renduum
1329 936 1502 1022 lucidum
1534 937 1711 1036 videbit,
1746 967 1902 1024 coronae
1929 941 2054 1041 instem

636 1115 640 1128 ·
754 1063 862 1162 cujus
895 1053 973 1140 vila
1003 1055 1190 1139 Latitudo
1231 1077 1405 1162 sequatur
1443 1049 1741 1137 Semidiametro
1781 1055 1905 1146 Solati
1939 1056 2052 1142 minu.

754 1196 802 1256 tae
828 1170 1125 1276 Semidiametro
1155 1167 1326 1263 lunari,
1365 1163 1491 1249 eidem
1525 1191 1665 1275 nempe
1692 1193 1780 1247 cum
1813 1166 2052 1254 Semidiame

753 1311 816 1368 tro
843 1313 869 1366 n
898 1311 918 1366 u
949 1284 971 1368 ὲ
1005 1285 1111 1366 Luna
1144 1277 1249 1372 visas
1279 1302 1519 1392 oportetque
1553 1304 1597 1360 ut
1632 1282 1658 1360 S
1687 1282 1934 1363 eutrociae
1967 1309 2050 1364 con·

750 1401 949 1492 linuntur,
985 1419 1029 1480 ut
1062 1399 1179 1478 Lunae
1215 1392 1426 1504 marginem
1453 1391 1555 1473 Solis
1598 1311 1754 1474 Diidum
1787 1393 1946 1478 interius
1965 1421 2050 1478 con·

751 1514 965 1622 ungentem
999 1531 1155 1592 '‘cernat.
1227 1506 1496 1590 Detcrminata
1531 1505 1727 1615 igiturest
1758 1507 1799 1588 in
1834 1510 1938 1590 omni
1970 1503 2048 1593 calu

749 1623 906 1737 Eclipsts
939 1621 1085 1706 Solaris
1120 1624 1341 1746 Qantitas.
1372 1621 1490 1724 QE.
1516 1621 1555 1698 F.
1797 1723 1803 1734 ⁵

971 1797 1814 1900 uuouos-lrloxmv.

745 2004 934 2110 Precipu
964 1994 1141 2104 Defil'leis
1170 1994 1314 2080 Soteris
1334 1995 1573 2082 Plenomenc
1594 1997 1798 2105 recensere,
1829 1985 2047 2114 Tellurispue

801 2111 905 2197 Loca
937 2109 1131 2216 describere
1155 2111 1220 2192 ubi
1242 2118 1485 2220 contingunt„
1530 2111 1616 2190 dum
1643 2105 1813 2194 Laetaris
1848 2111 1987 2196 Umbra
2007 2123 2044 2200 in

728 2247 730 2252 '
799 2225 1015 2308 Mvilunio
1039 2224 1223 2335 Ecltptt'co
1233 2248 1302 2334 per
1325 2221 1506 2306 Tellurem
1529 2225 1678 2306 incedit.

523 2415 527 2418 ’
557 2479 618 2537 Μ,
631 2421 841 2619 ,MR
856 2409 1087 2528 Epraesentet
1118 2442 1189 2499 co
1209 2439 1237 2498 u
1256 2415 1433 2498 ¹Telluris
1465 2415 1668 2511 Globum,
1714 2410 1825 2529 super
1854 2419 1993 2503 Polum
2023 2447 2040 2505 r

589 2558 641 2628 reg.
656 2569 682 2615 t.
860 2533 1023 2616 alterum
1056 2557 1103 2613 ue
1125 2530 1313 2634 latentem
1345 2555 1456 2612 motu
1491 2529 1633 2618 diurno
1666 2528 1716 2610 ab
1749 2531 1969 2617 Occidente
2006 2537 2041 2619 in

737 2643 980 2740 Orientem,
1027 2559 1110 2726 irve
1140 2641 1162 2727 ai
1195 2669 1220 2724 c
1263 2635 1401 2726 sursum
1433 2638 1563 2728 versus
1590 2669 1616 2724 o
1643 2645 1877 2728 revolutum.
1921 2647 2039 2731 Globi

735 2755 847 2858 hujus
865 2749 1178 2864 Hemisphaerium
1195 2756 1234 2837 in
1263 2755 1468 2838 Schemate
1496 2752 1745 2865 conspicuum
1764 2757 1869 2840 idem
1896 2755 1942 2840 stt
1957 2787 2039 2843 cum

704 2965 706 2970 ¹
734 2863 999 2970 illuminato-31
1033 2868 1157 2963 Sole,
1187 2867 1368 2980 adeoque
1388 2869 1459 2953 Sol
1475 2869 1620 2952 direlte
1652 2873 1692 2950 δι
1718 2871 2035 2980 perpendiculari·

734 3003 795 3064 ter
824 2981 1023 3066 incumbat
1044 2981 1189 3065 circuli
1219 2987 1335 3064 c'uo
1376 2983 1472 3094 polo
1504 3008 1537 3064 s.
1574 2985 1647 3064 Per
1678 2983 1813 3066 Polum
1840 3009 1860 3066 r>
1894 2989 1934 3067 δι
1953 3013 2036 3096 pun·

732 3099 872 3178 otums
902 3095 1095 3180 traductus
1120 3093 1356 3206 supponatur
1381 3095 1545 3180 circulus
1575 3096 1786 3180 immobilis
1818 3122 1926 3181 extra
1951 3099 2035 3183 Tel·

731 3208 824 3292 luris
848 3207 1082 3320 superficiem
1115 3212 1263 3292 exstans
1300 3233 1436 3307 esu,
1477 3211 1573 3291 item
1605 3209 1701 3292 alter
1732 3237 1760 3292 κ
1778 3237 1839 3294 su
1867 3239 2036 3296 commu·

730 3322 790 3404 nis
811 3319 925 3407 sectio
952 3325 1058 3436 plani
1083 3319 1278 3434 Eclipticae
1303 3351 1391 3406 cum
1408 3319 1605 3434 luperficic
1646 3329 1776 3407 Tetrae‘
1794 3329 1840 3406 δι’
1866 3322 1955 3408 huic
1985 3325 2035 3409 al.

681 3493 695 3520 .
727 3457 788 3517 ter
829 3439 880 3520 ad
922 3437 1085 3549 angulos
1121 3442 1246 3520 rectos
1280 3461 1424 3532 zsx,
1467 3429 1636 3520 {imiliter
1676 3438 1896 3533 exstantes,
1936 3439 2034 3522 intra

730 3575 833 3658 quos
868 3555 986 3633 Terta
1025 3559 1137 3633 motti
1181 3551 1321 3632 diurno
1367 3551 1598 3634 revolvitur.
1656 3551 1823 3637 Constat
1862 3553 1901 3647 in
1936 3581 2034 3664 quo·

727 3662 789 3744 vis
836 3663 1000 3746 Telluris
1048 3665 1159 3748 Loco
1193 3664 1267 3748 elle
1303 3663 1534 3760 Meridiem,
1579 3689 1669 3747 cum
1701 3665 1768 3748 ille
1807 3663 1858 3746 ad
1903 3664 2032 3748 circuli

726 3801 747 3858 e
767 3803 783 3858 s
804 3803 830 3858 n
855 3773 1036 3878 semillem
1068 3779 1130 3861 hic
1155 3778 1414 3888 conlpicuam
1431 3777 1592 3889 appellit
1618 3797 1650 3876 ,·
1669 3777 1857 3889 quoniam
1885 3779 1956 3861 Sol
1993 3783 2031 3862 in

723 3889 835 3991 hujus
874 3891 991 4005 plano
1033 3885 1217 3974 versatur.
1259 3888 1417 3974 Referat
1446 3891 1616 3974 uniter
1650 3892 1771 3974 centri
1806 3891 2033 3974 ‘Penumbra

723 4001 883 4101 Lunaris
915 3999 1087 4088 semitam
1112 4027 1223 4086 sur
1261 4004 1301 4086 in
1325 4004 1489 4087 Telluris
1516 3999 1714 4117 superficie
1750 3999 2030 4088 describentist

720 4115 813 4198 licet
845 4117 1012 4201 Telluris
1041 4113 1360 4228 Hemisphaetium
1394 4114 1697 4216 illuminatumd,
1730 4119 1844 4214 Sole,
1888 4124 2030 4231 cuique

717 4228 884 4340 proinde
900 4233 997 4314 Dies
1023 4233 1103 4328 est,
1131 4226 1240 4342 supra
1260 4231 1472 4315 Schematis
1499 4230 1611 4335 hujus
1636 4228 1872 4342 superficiem
1899 4230 2030 4316 attolli

716 4337 979 4452 supponaturs
1008 4339 1081 4428 Via
1115 4371 1244 4430 tamen
1277 4371 1348 4428 nn
1379 4353 1431 4446 ῃ,
1464 4342 1487 4426 ὲ
1515 4369 1650 4428 centro
1682 4344 1931 4454 penumbrofi
1960 4348 2031 4428 cir·

712 4460 792 4540 culi
824 4482 1022 4570 peragrata
1053 4461 1270 4569 concipitur
1302 4461 1344 4544 in
1368 4461 1488 4570 plano
1522 4455 1653 4556 Disci‚
1688 4453 1799 4570 super
1825 4459 1938 4571 quod
1972 4458 2030 4541 di·

713 4573 817 4664 lium
837 4567 1154 4690 llemisphtcriunt
1180 4570 1321 4690 infistit.
1371 4577 1525 4690 lfforto,
1552 4569 1665 4662 'licet
1717 4597 1773 4677 es
1790 4595 1818 4656 n
1831 4629 1848 4674 ‚
1891 4597 1959 4654 us
1981 4596 2032 4667 νς
2103 4580 2108 4588 “

697 4723 700 4730 ’
1917 4709 1980 4771 zs
2001 4707 2030 4765 re
