4376 5694
689 629 756 738 5aa'
896 619 1439 714 asenamon'ra
1486 627 1830 706 antarta

688 774 883 890 grediatur
921 776 986 858 illa
1020 801 1139 885 quam
1173 767 1253 854 hac
1269 827 1282 868 ,
1333 774 1374 854 δι
1408 764 1603 881 utriusque
1633 765 1848 880 progressus
1886 766 2008 854 abso‘

689 894 792 975 lutus
828 890 973 973 oriatur
1026 885 1048 970 :l
1096 886 1241 985 majore
1286 879 1482 996 progressu
1510 908 1627 992 quarn
1672 877 1873 991 regressua
1931 910 2005 996 pa·

690 1026 748 1086 tet
781 997 889 1086 hasce
930 1001 1027 1084 duas
1060 995 1189 1083 causas
1225 991 1486 1108 conspirantes
1520 999 1676 1092 Motum
1706 995 1894 1106 Apsrdum
1934 999 2007 1080 Sa·

692 1115 825 1199 rellitis
867 1111 1139 1228 progressrvum
1184 1112 1356 1196 minuere
1397 1137 1455 1192 ma
1486 1111 1518 1194 is
1555 1137 1673 1220 quam
1720 1135 1793 1220 pro
1835 1110 2002 1192 aliarum

694 1224 888 1315 causarum
927 1227 1088 1309 ratione.
1163 1217 1266 1308 Huic
1311 1249 1406 1336 ergo
1449 1137 1704 1306 stramento
1757 1221 1887 1304 nixam
1930 1223 2003 1306 ad·

692 1343 825 1424 hibere
875 1339 1077 1452 oportebit
1103 1337 1425 1422 tornationem
1474 1335 1610 1420 Motds
1658 1335 1843 1447 Apsrdum
1887 1332 2002 1446 supra

693 1454 886 1549 inventi,
939 1451 1165 1564 dictumque
1201 1453 1359 1534 Motum
1401 1451 1575 1534 minuere
1617 1473 1690 1560 pro
1733 1443 1848 1532 causae
1887 1451 2001 1550 hujus

694 1567 957 1682 permanentia
1000 1570 1040 1648 δι
1087 1561 1286 1652 effeaibus
1339 1565 1379 1648 in
1419 1564 1568 1677 singulis
1616 1562 1729 1674 Jovis
1774 1561 1841 1651 vel
1873 1563 2000 1664 Setun

695 1685 736 1766 n'i
772 1680 1022 1768 Satellitibus.

1142 1846 1275 1934 Sera
1302 1871 1331 1934 0
1359 1875 1384 1934 ι
1415 1871 1430 1932 1
1457 1867 1484 1930 o
1512 1867 1559 1931 n.

754 2016 1034 2106 Determinatis
1076 1975 1405 2128 inaequalitatibus
1432 2012 1533 2100 hisce
1568 2017 1605 2099 in
1639 2001 1816 2101 Motibus
1850 2011 2023 2101 Satelli-¹

661 2159 782 2230 ,tum
816 2138 917 2218 circa
949 2135 1068 2216 alium
1101 2135 1280 2246 quemvis
1313 2131 1535 2224 Primarium
1572 2130 1859 2216 revolventium
1897 2129 1997 2214 obri·

697 2250 912 2344 nentibus,
953 2245 1068 2330 facile
1118 2247 1192 2330 erit
1241 2255 1268 2347 ('
1288 2247 1339 2329 ad
1385 2271 1562 2329 normam
1610 2245 1908 2356 precedentium
1949 2241 2000 2326 de

696 2358 844 2469 Luna)
873 2360 1092 2445 satellitum
1124 2359 1262 2444 horum
1297 2359 1403 2442 Loca
1441 2358 1492 2440 ad
1522 2354 1655 2442 datum
1686 2362 1880 2468 Tempus,
1924 2357 2001 2439 lm·

696 2475 926 2560 mersionem
956 2473 997 2556 in
1028 2473 1200 2557 Primarii
1228 2467 1282 2556 sui
1313 2473 1537 2570 Umbram,
1572 2468 1832 2555 Emersonem
1860 2493 1910 2554 cx
1938 2495 2002 2554 ea·

698 2589 815 2685 dem,
844 2587 1008 2671 Umbrae
1029 2586 1212 2670 Satelliris
1237 2585 1418 2670 incessum
1454 2613 1524 2698 per
1557 2585 1726 2668 Primarii
1752 2582 1908 2669 Discum
1932 2585 1999 2668 ali·

641 2741 643 2749 ¹
695 2727 798 2814 aque
826 2701 983 2786 illorum
1015 2703 1171 2784 Motum
1195 2699 1400 2784 attinentia
1429 2701 1579 2783 calculo
1618 2695 1850 2797 subducere,
1882 2721 1997 2811 prout

695 2841 837 2925 nempe
876 2813 897 2896 ὲ
939 2815 1099 2924 pro'prio
1141 2813 1325 2897 Primario
1372 2807 1598 2925 spedantur.
1668 2812 1717 2896 Et
1762 2813 1995 2896 Tabularum

695 2954 770 3040 pro
810 2924 1111 3010 determinandis
1140 2951 1275 3009 eorum
1306 2925 1483 3010 Motibus
1521 2927 1629 3011 illinc
1662 2923 1833 3038 spectatis
1860 2925 1996 3009 eadem

696 3042 770 3124 erit
805 3044 944 3122 Forma
984 3066 1069 3149 quae
1112 3037 1345 3123 Tabularum
1390 3041 1596 3124 lanarium
1630 3037 1738 3152 supra
1778 3037 1997 3152 descriptas

695 3179 746 3237 ear
779 3150 921 3263 quibus
956 3178 1032 3237 una
1065 3178 1154 3234 cum
1180 3145 1292 3262 ipsius
1323 3153 1493 3238 Primarii
1526 3151 1687 3239 Tabulis
1728 3150 1862 3260 (lib.
1906 3181 1997 3266 pra·

696 3263 783 3351 ced.
810 3259 1052 3376 descriptis)
1089 3266 1304 3348 Satellirum
1347 3264 1488 3349 horum
1523 3269 1783 3352 Phaenomena'
1817 3293 1996 3381 prompte

695 3378 872 3462 invenire
906 3379 1010 3463 licet.
1070 3376 1148 3461 Sed
1196 3377 1383 3489 quoniam
1415 3379 1633 3465 satellitum
1670 3378 1863 3494 Eclipses‚
1904 3379 1997 3462 dum

696 3492 738 3574 in
765 3491 934 3573 Primarii
963 3491 1160 3575 Umbram
1196 3491 1421 3590 incurrunt,
1470 3495 1728 3581 Phanomena
1764 3492 1848 3577 sunt
1880 3493 1998 3575 maxi·

694 3629 758 3688 me
789 3602 947 3716 insignia
985 3603 1192 3687 Tetricolis
1229 3600 1500 3698 observandas
1532 3610 1689 3696 Tabulae
1723 3607 1773 3692 ab
1808 3608 1997 3692 Allrono·

693 3717 765 3799 mis
797 3715 1020 3800 conduntur
1050 3715 1101 3800 ad
1128 3717 1269 3800 horum
1297 3720 1561 3803 immediatum
1580 3723 1796 3820 calculum,
1832 3747 1997 3832 quarum

627 3859 630 3864 ·
690 3827 988 3913 fundamentum
1023 3828 1228 3942 formaque
1254 3831 1377 3916 sacilis
1404 3839 1444 3914 dt
1475 3834 1631 3948 srmplex
1664 3835 1919 3945 pra-cedentia
1942 3837 1998 3916 in·

692 3943 879 4054 telligenti
910 3939 996 4026 satis
1033 3971 1195 4053 patent,
1236 3941 1496 4058 exemplisque
1532 3973 1681 4032 tantum
1716 3975 1814 4058 opus
1851 3948 1924 4030 erit
1947 3945 1996 4029 ad

697 4055 778 4138 haec
815 4051 901 4137 saris
935 4051 1123 4167 superque
1162 4056 1410 4144 illustranda,-
1451 4091 1535 4173 quoe
1579 4087 1707 4144 tamen
1743 4063 1782 4142 in
1819 4063 1996 4144 Elemen-

690 4169 739 4248 tis
772 4163 871 4250 hisce
904 4167 1069 4279 Physicis
1097 4171 1136 4250 δι
1163 4169 1451 4272 Geometricis‚
1494 4201 1573 4258 non
1609 4173 1905 4273 Arithmeticis,
1937 4175 1994 4256 lo·

691 4307 778 4361 cum
816 4308 897 4364 non
943 4281 1101 4363 habent.

750 4391 1047 4476 Advertendum
1064 4395 1270 4478 esttamen
1294 4397 1482 4485 rationem
1503 4399 1814 4489 essehabendam
1840 4393 1993 4482 diversa

687 4505 885 4590 Dillantiae
903 4505 1067 4588 Telluris
1084 4519 1100 4608 (
1117 4505 1387 4596 Observaroris
1414 4515 1600 4600 domicilii
1620 4519 1638 4627 )
1672 4515 1693 4599 ai
1728 4513 1992 4596 Phaenomenis

686 4615 785 4704 hisce
817 4619 1075 4708 ImmerfionIs
1103 4627 1143 4706 δι
1170 4623 1398 4714 Emersronis
1425 4631 1645 4718 Satellirum
1672 4627 1829 4719 Saturni
1858 4633 1896 4712 dr
1924 4631 1991 4736 Jo-

1908 4766 1984 4824 urs:
