4336 5692
418 75 449 158 l

233 598 279 676 o
313 547 1106 692 mammutium,
1141 601 1229 680 un.
1269 606 1311 684 ν.
1402 620 1471 704 σφι

142 739 223 827 culi
262 762 478 828 extremum
528 741 712 853 punitum
749 736 790 822 in
831 733 984 824 sublimi
1028 739 1171 848 Locus,
1206 743 1386 832 Come'toe
1418 753 1458 834 in
1483 817 1509 870 r·
1533 818 1653 876 ,m

144 858 304 970 propria
349 853 594 960 Ttajedloriu·
629 831 801 940 secundo
826 849 1080 940 observatur.
1148 855 1257 942 Foco
1292 885 1342 960 t,
1392 893 1462 976 per
1509 897 1561 972 m.
1585 910 1613 955 ι.
1671 961 1682 972 ,

143 976 381 1084 punctam,
426 974 515 1064 z&
546 973 732 1082 pundum
766 997 860 1052 mox
890 969 1095 1054 inventum
1128 968 1364 1086 descripta(
1403 1007 1462 1090 ¹er

143 1087 262 1202 Prop.
290 1113 413 1176 xxrx.
439 1083 524 1172 Lib.
554 1109 619 1168 nr.
636 1081 653 1188 )
673 1079 820 1198 Ellipfis
837 1081 910 1170 erit
936 1081 1118 1226 Comere
1131 1083 1270 1172 Orbita
1290 1007 1456 1203 quaedit}

559 1256 976 1340 Senourum

202 1424 435 1515 Methodus·
456 1426 567 1542 supra
608 1423 784 1511 adbibita
830 1423 884 1510 ad
923 1427 1108 1538 pundum
1145 1452 1174 1511 o
1216 1429 1281 1514 vel
1327 1453 1355 1514 x
1390 1429 1457 1516 de·

145 1541 432 1630 terminandum
467 1535 690 1626 universalis
721 1541 810 1639 eli,
853 1545 892 1624 δι
930 1539 1085 1653 insignis
1122 1537 1214 1626 ustis
1244 1543 1286 1626 in
1329 1540 1457 1654 pleris-

141 1665 223 1770 que
265 1655 433 1771 Plryficis
473 1653 800 1771 approximundis.
869 1653 1075 1748 Convenit
1106 1656 1336 1768 plerunque
1384 1658 1456 1746 tria
1510 1687 1514 1696 ·

139 1774 312 1884 pontia,
346 1794 391 1856 ut
422 1773 486 1860 hic,
523 1798 577 1868 A,
604 1787 628 1860 2
659 1796 687 1852 u
718 1774 759 1852 δι
794 1791 899 1872 3u,
944 1798 992 1853 eu
1032 1769 1163 1854 tribus
1197 1767 1455 1884 allumptim

142 1903 227 1976 20
268 1889 310 1968 &
359 1907 382 1988 3
419 1911 444 1967 c
486 1881 693 1970 secundum
738 1905 861 1968 artem
901 1904 1077 1994 reperta,
1129 1885 1188 1968 itu
1214 1881 1290 1969 elle
1330 1884 1455 1996 posrtu

139 2022 186 2084 ut
220 2001 404 2113 pontium
447 1995 646 2112 quaefitum
680 1998 783 2082 inter
814 1995 974 2080 illorum
1010 2009 1185 2080 extrema
1233 2022 1261 2080 u
1296 2001 1337 2082 &
1370 2021 1392 2101 3
1429 2027 1455 2083 u

137 2115 296 2218 jaceat,
338 2117 355 2216 (
388 2141 475 2225 quae
505 2113 558 2214 est
586 2111 686 2194 ratio
716 2137 784 2193 cur
819 2109 842 2194 ὲ
873 2107 996 2194 tribus
1033 2110 1184 2220 punttis
1219 2135 1389 2196 uunum
1406 2139 1455 2198 ex

136 2229 264 2314 altera
302 2249 410 2340 parte
437 2220 774 2338 correspondentis
810 2222 941 2336 putori
980 2249 1008 2306 u
1057 2225 1298 2310 collocatum
1342 2225 1456 2312 volu·

78 2333 84 2354 '
137 2341 299 2452 must)
330 2325 380 2425 lic
405 2341 510 2426 enim
544 2337 684 2424 certius
713 2335 985 2450 &proximius
1011 2331 1334 2428 determinabitur
1351 2336 1456 2452 quae'-

138 2453 252 2540 litum
286 2459 470 2568 punitum
505 2480 574 2568 per
599 2447 907 2537 intersectionem
927 2450 1059 2534 circuli
1087 2480 1176 2536 cum
1205 2457 1307 2537 tella
1334 2481 1362 2536 u
1382 2470 1405 2544 2
1426 2481 1456 2538 u

138 2567 181 2654 in
222 2597 302 2683 qua
335 2569 434 2652 illud
464 2562 672 2654 ne'celsurio
706 2561 906 2663 versatur,
946 2563 1119 2675 quamfi
1159 2565 1319 2680 quaesrto
1362 2565 1456 2654 exis·

137 2705 251 2769 rente
283 2685 384 2769 ultra
426 2711 454 2766 u
481 2687 522 2766 δι
552 2705 627 2785 3u
676 2678 776 2764 illud
820 2677 1157 2762 determinandum
1201 2681 1338 2764 veniat
1381 2705 1453 2793 per
1515 2683 1522 2692 '

137 2793 448 2886 intersectionem
485 2800 595 2882 κάκ
638 2823 727 2882 cum
753 2792 900 2878 circulo
935 2791 1037 2876 ultra
1078 2797 1219 2906 ponda
1250 2797 1335 2878 r&
1362 2817 1426 2897 31>
1441 2825 1454 2888 ς

137 2911 197 2997 ob
229 2911 386 2999 similem
446 2907 568 2996 torsus
602 2908 794 3004 rationem
824 2930 946 3019 atque
971 2933 1021 2990 ex
1056 2905 1270 2992 obtervatis
1299 2907 1456 3022 aliquot

137 3025 371 3126 cometae(
432 3021 596 3113 teriusve
629 3017 793 3129 cujusvis
834 3018 1043 3106 secundum
1070 3025 1250 3134 quamvis
1281 3025 1456 3134 regulam

137 3137 285 3245 moti)
329 3142 444 3228 Locis
492 3133 660 3244 ejusdem
716 3139 844 3222 Locus
886 3139 926 3218 δι
975 3140 1145 3247 Tempus
1166 3135 1455 3224 'intermedium
1513 3227 1520 3242 ,

137 3254 313 3366 quodvis
349 3257 490 3341 certius
522 3251 727 3348 definitur,
779 3276 897 3364 quam
933 3247 984 3331 ad
1009 3257 1180 3362 Tempus
1204 3249 1370 3362 aliquod
1387 3279 1455 3338 an·
1500 3246 1511 3268 ⁰

139 3393 182 3456 te
220 3371 381 3483 primam
413 3365 739 3454 Observationem
773 3386 842 3448 aut
873 3362 960 3475 post
987 3362 1176 3448 ultimam.

198 3484 428 3598 Aliquando
468 3477 689 3581 suffecerit,
728 3479 768 3562 in
808 3470 1026 3584 hujusmodi
1064 3477 1454 3591 investigationibuS,
1534 3579 1537 3588 ⁴

137 3596 223 3686 duo
283 3603 395 3684 unda
437 3598 566 3712 qualia
597 3589 729 3680 suutu
760 3596 801 3674 dt
835 3610 902 3682 21’
936 3588 1217 3692 determinare,
1246 3591 1455 3688 (srnimi.

138 3739 228 3797 rum
251 3627 394 3800 iorum
422 3737 630 3825 utrumque
657 3706 682 3793 :l
717 3733 815 3792 vero
859 3731 942 3790 non
980 3705 1119 3818 procul
1146 3705 1316 3817 abfit,)
1351 3708 1390 3788 δι
1407 3705 1454 3790 il·

137 3824 181 3912 la
215 3825 315 3913 reni
344 3829 608 3941 conjungere,
654 3823 761 3926 cujus
787 3814 1007 3906 interseuio
1030 3843 1120 3908 cum
1159 3824 1279 3908 altera
1317 3847 1344 3902 u
1373 3838 1451 3911 zu

138 3967 281 4028 verum
327 3948 511 4054 punctum
549 3936 746 4054 quaesrtum
780 3933 1069 4021 determinabit.
1129 3937 1267 4051 Atque
1290 3934 1354 4019 hic
1384 3959 1461 4018 rur.

139 4051 203 4141 sus
234 4059 375 4168 punita
409 4058 492 4142 r&
523 4073 587 4145 21³
630 4049 681 4138 ad
715 4049 927 4139 contrarias
969 4049 1111 4166 puniri
1136 4049 1283 4166 quaesrti
1329 4069 1461 4163 partes

138 4173 270 4282 iacere
298 4167 553 4262 commodum
587 4167 674 4256 etit.
