4322 5686
264 503 728 599 a'oaorrarrtrca
752 517 1091 595 aramenta.
1118 517 1273 592 imru.
1370 520 1443 604 nt

117 648 270 748 diresle'
284 661 479 772 'subjicitur
503 693 581 784 nox
608 665 698 760 est,
737 663 867 747 Solem
892 663 933 746 in
960 661 1129 746 inferiori
1157 661 1327 774 Epicydi
1357 689 1441 770 pat·
1496 707 1497 710 κ

118 815 190 887 te,
220 795 260 872 &
286 790 378 875 dum
398 783 525 873 veidem
551 791 630 873 dies
654 791 734 887 est,
764 791 802 870 in
825 785 1004 898 superiori
1025 785 1163 872 versati
1188 805 1322 898 ponat.
1380 788 1442 870 Sic

118 911 349 992 Excentrico
373 902 526 992 'Martis
565 913 663 992 cinca
694 913 853 992 Terram
881 905 1059 1019 dispostto
1083 907 1236 1025 ejusque
1259 908 1443 1018 Epicyclo
1488 1013 1493 1020 ι

115 1031 141 1120 zi
170 1025 367 1116 Tetricola
386 1036 616 1152 excpgiratis
642 1091 654 1131 ‚
681 1031 838 1148 :quibus
867 1032 1002 1116 Martis
1030 1061 1158 1118 motus
1184 1029 1443 1144 &quiescente

118 1160 271 1244 Tellure
316 1187 500 1270 appatens
544 1159 784 1269 explicatur,
825 1149 1087 1268 superinducet
1122 1161 1278 1242 Lunaris
1317 1160 1443 1244 noller
1559 1261 1562 1268 Ι

116 1287 279 1369 alterum
311 1283 535 1392 Epicyclum
577 1285 616 1365 in
652 1285 787 1392 prioris
812 1286 843 1362 E
871 1282 981 1389 icycli
1011 1281 1313 1369 circumferentia
1339 1285 1443 1367 dela-

113 1418 240 1490 tum,
293 1387 414 1502 spatio
436 1391 729 1500 Nychthemeri
762 1391 786 1475 i
887 1415 945 1472 tte
983 1391 1292 1500 percurrendum.
1364 1395 1443 1476 Est·

117 1531 196 1615 que
224 1501 285 1584 hic
312 1499 451 1582 modus
484 1502 614 1581 unicus
643 1559 656 1596 ,
709 1527 789 1610 quo
827 1495 1112 1582 Astronomiam
1141 1495 1243 1582 suam
1274 1500 1445 1600 condere

115 1608 230 1724 pollit
259 1605 385 1691 mottls
412 1603 484 1690 suat
511 1604 605 1690 sedis
626 1607 779 1720 ignarus
802 1612 843 1688 δι
868 1606 964 1688 illius
981 1611 1118 1718 quietis
1140 1607 1311 1712 vindex:
1339 1639 1445 1692 nem·

66 1781 70 1786 -
117 1749 170 1832 pe
213 1717 393 1801 circulum
433 1713 455 1798 i
496 1711 532 1800 se
572 1712 716 1827 suoque
752 1715 949 1800 domicilio
986 1745 1120 1800 revera
1160 1711 1371 1827 percussum
1405 1719 1446 1802 in

117 1827 319 1923 Coelum,
365 1822 517 1908 inverso
554 1823 667 1922 suu,
712 1821 1008 1923 transferendo,
1045 1821 1272 1938 motumque
1312 1829 1351 1910 in
1393 1857 1444 1910 eo

114 1939 202 2048 pari
229 1949 420 2042 'tempore
459 1929 599 2016 sadum
633 1929 919 2042 supponendor
962 1938 1005 2015 δι
1042 1934 1198 2045 quidem
1239 1933 1330 2018 veri
1365 1939 1445 2040 ejus

113 2039 383 2157 magnitudine
405 2038 553 2124 retentas
575 2100 589 2138 ‚
630 2039 657 2122 st
690 2041 864 2124 distantia
883 2068 975 2123 vera
1000 2037 1242 2131 innotescant
1271 2041 1445 2130 stantem

114 2155 201 2236 haec
226 2153 341 2233 lateat
370 2152 440 2250 s&
469 2150 570 2232 nulla
595 2144 633 2232 su
661 2145 784 2232 erlunt
806 2149 967 2247 media,
1007 2151 1145 2261 quibus
1176 2153 1226 2232 in·
1242 2155 1315 2256 hac
1339 2155 1445 2265 quie-

114 2259 255 2346 scentis
292 2261 420 2342 Ltmae·
438 2257 640 2368 hypothes
674 2255 845 2369 dignosci
882 2257 1018 2368 posit)
1048 2283 1163 2342 tantae
1198 2254 1343 2344 saltem
1365 2291 1447 2345 ma·
1507 2312 1518 2326 ι

114 2367 329 2484 gnitudinis
350 2369 521 2478 ponitur
564 2365 766 2476 Epicyclus
800 2426 813 2465 ,
858 2391 900 2450 ut
939 2396 987 2450 ex
1037 2363 1302 2452 observatoris
1354 2373 1446 2454 loco

115 2478 297 2591 aequalis.
315 2475 584 2579 magnitudinis
614 2474 825 2573 videatur,
862 2504 906 2557 ac
933 2503 981 2558 ex
1009 2475 1142 2558 eadem
1175 2475 1348 2561 distantia
1386 2483 1446 2562 vi-

113 2589 275 2672 deretur
304 2578 470 2690 ejustlem
494 2585 575 2666 loci
599 2610 693 2667 vera
717 2581 866 2668 Orbita.
947 2587 1014 2667 Sin
1042 2585 1172 2667 Incola
1200 2581 1445 2698 hemispherii

114 2701 239 2782 Lunae
256 2735 278 2795 ·‚
306 2695 384 2776 'cui
424 2698 543 2776 Terta
584 2693 755 2788 imminet
792 2753 806 2791 ,
855 2690 987 2778 mottls
1020 2686 1081 2774 sui
1125 2692 1307 2777 domicilii
1348 2697 1448 2779 circa

114 2812 282 2890 Terram
312 2807 516 2916 Terraeque
543 2802 644 2886 eirca
670 2801 802 2884 Solem
831 2811 969 2912 gnarus
998 2815 1163 2910 ponatur
1192 2863 1205 2900 ,
1246 2809 1286 2884 &t
1312 2800 1448 2888 ohser-

114 2915 301 2998 vationes
348 2912 538 2994 instituere
580 2907 692 3020 possit
736 2937 843 3015 aeque
871 2933 1062 2992 accuratas
1091 2936 1134 2991 ac
1162 2939 1245 3023 quat
1272 2911 1294 2994 a
1323 2918 1449 2997 Tetri·
1544 2963 1546 2966 ·

92 3023 219 3112 ¹colis
257 3017 387 3106 liuntr
429 3020 572 3128 poterit
606 3021 667 3100 hic
703 3019 839 3102 Solis,
877 3019 1195 3130 Planetarumque
1229 3021 1448 3129 Systematis
1516 3061 1523 3071 ·

112 3128 302 3224 Solatia,
343 3127 626 3236 Magnitudines
669 3131 708 3208 &
743 3127 949 3209 Distantias
993 3152 1140 3208 mutuas
1185 3155 1271 3212 curn
1300 3126 1447 3212 suarum

112 3265 281 3330 retum.-
296 3263 355 3318 ma
384 3235 615 3318 nitudinibus
645 3232 893 3318 &distantiis
935 3236 1064 3316 exacte
1102 3231 1185 3315 satis
1213 3263 1447 3344 comparate.

113 3352 237 3435 Nam
255 3339 325 3426 suae
340 3265 434 3426 siclis
449 3346 688 3428 Diametrum
709 3341 834 3424 metiti
858 3342 1029 3448 poterit,
1058 3338 1222 3424 similiter
1245 3368 1282 3424 at
1312 3371 1360 3425 ue
1378 3375 1450 3428 nos

114 3455 288 3539 Telluris
324 3453 468 3538 nostrat.
521 3453 708 3548 'Porr0,
755 3448 916 3532 Telluris
959 3449 1184 3558 Distantiam
1227 3371 1336 3533 facile
1364 3450 1449 3534 cinn

117 3569 244 3648 Lunae
270 3562 475 3645 Diametro
504 3559 774 3670 comparabitr
814 3579 904 3640 nam
933 3559 1048 3640 Lunae
1074 3559 1274 3642 Diameter
1300 3557 1451 3644 subten-

116 3673 185 3756 dit
223 3669 401 3780 angu'um
441 3665 525 3752 satis
559 3664 767 3751 senfibilem
796 3664 846 3749 ad·
871 3665 1103 3763 Tellurem,
1149 3695 1292 3776 nempe.
1315 3668 1452 3780 grndtls

43 3844 70 3885 ,
118 3773 538 3887 semisseexpress'um:
584 3772 716 3886 Atque
742 3777 982 3876 Diametrum
1011 3774 1125 3858 Orbis
1152 3771 1204 3858 sui
1233 3775 1331 3858 circa
1360 3785 1454 3860 Ter·
1533 3803 1536 3812 ·

120 3915 217 3972 ram
254 3908 435 3997 tanquam
473 3882 604 3968 scalem
649 3883 845 3967 adhibebit
874 3881 1013 3995 ,uui
1050 3883 1286 3994 reliquorum
1315 3914 1455 4000 corpo-

121 4023 220 4080 rum
250 3995 525 4078 mundanotum'
552 3994 756 4080 Distantias
785 3995 972 4102 exquirat.
1054 3997 1148 4076 Hac
1175 3995 1278 4074 enim
1305 3992 1455 4076 subten-

121 4106 194 4186 dit
240 4102 415 4209 angulum
460 4101 509 4186 ad
551 4101 680 4185 Sole'm
696 4097 846 4196 ,gradus
875 4104 1011 4183 triente
1040 4096 1292 4210 ex‘p'telstmt,
1335 4101 1456 4212 poltri

122 4209 318 4324 parallaxi
345 4211 441 4292 Solis
469 4211 490 4292 ὲ
519 4215 636 4292 Terra
664 4209 731 4294 vist
763 4207 822 4296 10⁰
847 4234 1021 4296 tantumr
1062 4211 1128 4319 qui
1157 4207 1251 4294 verb
1276 4211 1324 4293 ad
1353 4214 1458 4290 Mar-
1578 4291 1583 4300 ,

123 4347 218 4408 tem
247 4317 328 4406 Soli
352 4317 571 4430 oppositum
598 4319 648 4405 ¹ad
674 4317 812 4432 gradis
841 4315 920 4406 fere
947 4311 1087 4404 bellem
1116 4311 1306 4421 ascendit,
1339 4325 1379 4401 δι
1407 4316 1459 4420 ad

199 4507 205 4516 .
836 4429 929 4543 Q
970 4448 992 4532 3
1330 4433 1459 4512 Veno-
