4322 5686
686 564 824 685 '72⁰6
944 575 1884 662 As·r·rroNoM.JAEPrtrsrcAE

713 809 720 822 ,
751 697 1063 828 Jupitct;)c1lm
1098 713 1152 798 ob
1187 705 1336 798 easdem
1375 707 1583 812 rationes,
1628 738 1709 797 tum
1737 714 1792 818 ob
1821 713 1920 796 banc
1948 713 2065 798 etiam

699 853 702 859 ·
752 827 860 941 quod
893 829 1062 937 quinque
1091 826 1255 935 proximi
1284 845 1513 908 moveantur
1541 828 1580 908 in
1609 823 1748 907 eodem
1772 825 1893 934 plano
1923 825 1971 907 ad
1997 827 2066 935 pla·

752 967 845 1021 num
873 937 1015 1020 itineris
1044 935 1143 1018 Solis
1171 937 1270 1018 circa
1296 939 1501 1019 Saturnum
1530 946 1612 1039 31⁸¹
1641 935 1823 1024 inclinato
1855 967 1867 1023 ς
1912 933 2008 1018 adeo
2033 953 2068 1018 ut

752 1047 941 1131 Zodiacus
968 1048 1132 1128 Saturno
1162 1044 1205 1129 stt
1234 1041 1433 1156 plusquam
1461 1045 1573 1131 tertii
1601 1069 1708 1157 parte
1735 1045 1842 1128 Coeli
1871 1046 1969 1128 latus
1996 1103 2009 1142 ‚
2046 1043 2067 1128 st

752 1158 854 1239 hunc
889 1155 1078 1238 'omnium
1124 1156 1367 1238 Planetarum
1404 1159 1655 1269 evagationes
1695 1155 1719 1241 ri
1756 1156 1855 1239 Solis
1885 1157 1949 1237 via
1976 1183 2069 1238 com·

709 1324 712 1328 -
754 1265 869 1377 plec‘li
908 1265 1018 1347 velit.
1106 1260 1240 1348 Phases
1254 1264 1414 1348 «ssmiles
1431 1267 1565 1348 harum
1593 1269 1784 1350 lunarum
1812 1289 1929 1378 atque
1956 1267 2069 1348 tuna-

620 1435 622 1440 ·
747 1404 831 1461 rum
872 1373 1079 1481 Jovialittm
1108 1433 1121 1472 ,
1151 1372 1239 1476 ,nist
1278 1375 1387 1487 quod
1434 1377 1557 1458 aestate
1595 1376 1827 1486 hyemem,
1886 1371 1972 1458 clun
2009 1377 2072 1459 Sol

747 1485 910 1566 multum
949 1483 999 1566 ab
1036 1489 1245 1596 AEquatote
1292 1485 1500 1582 declinat,
1538 1489 1644 1569 Luna
1672 1487 1817 1598 quaevis
1848 1485 1928 1569 Soli
1956 1511 2071 1595 oppo-

747 1592 816 1676 sita
876 1593 966 1675 leno
995 1592 1091 1675 orbe
1132 1623 1211 1676 non
1250 1591 1433 1705 fulgeat,
1478 1621 1549 1678 nec
1588 1595 1712 1678 eidem
1749 1596 1944 1698 conjuncta
1971 1597 2074 1702 peni·

748 1728 809 1785 tus
846 1622 962 1807 llltat.
1031 1706 1154 1785 Nam
1190 1701 1316 1787 medid
1353 1705 1477 1787 aestate
1518 1705 1709 1814 hyemeve
1744 1708 1851 1787 Luna
1876 1704 1958 1787 Soli
1983 1732 2075 1788 con·

746 1815 872 1918 juncta
907 1810 930 1896 a
965 1812 1063 1894 Sole·
1094 1811 1206 1895 distat
1245 1840 1433 1924 quantum
1475 1817 1582 1898 Luna
1610 1817 1737 1899 noslta
1763 1813 1881 1897 biduo
1910 1817 1953 1894 dc
1981 1813 2073 1898 ultra

647 2000 655 2022 ,
747 1945 836 2005 ante
870 1920 935 2004 vel
970 1921 1054 2033 post
1095 1921 1399 2020 Novilunium,
1443 1928 1483 2005 &
1520 1925 1602 2007 Soli
1643 1921 1818 2034 oppofita
1846 1945 1999 2020 tantum
2025 1925 2069 2006 ab

745 2027 989 2141 opposttione
1016 2031 1081 2134 illa
1110 2031 1281 2130 diretta,
1322 2059 1408 2142 quae
1437 2031 1592 2142 plenum
1621 2033 1769 2116 Orbem
1797 2031 1920 2131 facit,
1961 2059 2072 2144 quan·

745 2163 828 2224 tum
869 2140 995 2222 nostra
1038 2142 1152 2222 Luna·
1181 2139 1303 2224 biduo
1339 2147 1380 2224 dc
1407 2143 1567 2254 amplius
1595 2145 1686 2226 ante
1714 2141 1779 2224 vel
1806 2143 1891 2252 post
1917 2142 2073 2226 Plenilu·

746 2251 852 2358 nium
883 2263 919 2328 :'
951 2248 1118 2360 ideoque
1158 2245 1295 2333 similes
1339 2274 1419 2333 tum
1464 2277 1575 2336 erunt
1614 2279 1744 2334 earum
1783 2245 1920 2335 Phases
1961 2277 2072 2363 atque

745 2358 862 2443 Lunae
900 2358 1034 2441 nostrae
1063 2357 1213 2441 duobus
1243 2359 1377 2443 diebus
1409 2356 1618 2445 &semisse
1646 2385 1736 2444 ante
1764 2361 1830 2444 vel
1859 2359 1947 2471 poll
1973 2358 2074 2472 syzy-

742 2470 859 2581 giam.
945 2464 1066 2549 Unde
1095 2468 1172 2580 istig
1202 2465 1309 2551 Anni
1337 2471 1503 2554 Saturnii
1531 2470 1816 2581 tempestatibus
1844 2469 1957 2554 nulla
1985 2482 2075 2554 con'·

746 2579 896 2689 tingcnt
932 2577 1193 2659 aninarium
1234 2573 1433 2688 Eclipses„
1488 2585 1561 2663 Hae
1589 2603 1718 2662 autem
1745 2604 1922 2690 tempore
1950 2581 2074 2694 AEqui·

745 2687 867 2769 noctii
892 2712 1089 2797 nunquam
1118 2685 1309 2784 deerunt,
1348 2689 1597 2799 omnimnque
1625 2689 1738 2772 etiam
1767 2717 1955 2800 generum
1981 2716 2075 2803 quo·

744 2814 828 2880 rum
858 2797 898 2879 in
926 2791 1165 2904 precedente
1193 2797 1339 2884 mentio
1368 2793 1464 2880 sacia
1491 2798 1558 2898 est.¹
1620 2825 1624 2858 2

650 3053 651 3058 Ν
800 2942 906 3040 Clam
934 2945 1069 3029 Annus
1097 2951 1290 3036 Saturnius
1320 2953 1533 3040 diuturnior
1561 2953 1604 3041 stt
1632 2956 1799 3064 joviali,
1829 2959 1941 3067 plura
1962 2961 2074 3046 etiam

741 3052 827 3139 sunt
870 3053 1057 3138 Menstnm
1096 3085 1237 3174 genera
1278 3061 1327 3144 ad
1367 3065 1473 3148 illum
1519 3067 1559 3148 in
1599 3091 1724 3178 partes
1754 3067 2070 3181 distinguendum.

739 3160 947 3248 1n²Ann0
987 3159 1070 3247 sunt
1114 3168 1213 3252 ultra
1259 3193 1368 3275 5700
1407 3171 1555 3259 Menses
1594 3177 1741 3258 minimi
1784 3237 1800 3276 ,
1846 3183 1886 3260 ἃ
1928 3181 2075 3262 circiter

723 3346 727 3352 ,
741 3291 847 3377 3932
894 3273 1157 3386 magnitudine
1210 3283 1476 3391 proximorum
1516 3344 1529 3383 ‚
1592 3285 1689 3368 ultra
1735 3303 1845 3391 2352
1887 3285 2078 3370 Menfium

739 3385 982 3480 tertiorum,
1030 3383 1207 3498 ultraque
1243 3399 1326 3495 674
1353 3416 1615 3505 quartorum,
1664 3399 1705 3476 δι
1731 3392 1917 3481 Menstum
1942 3397 2079 3480 maxi·

740 3518 894 3574 morum
930 3513 1017 3597 135.

800 3632 1039 3718 Saturnicola
1068 3635 1260 3720 [unarum
1288 3631 1436 3725 suarum
1463 3640 1654 3728 distantias
1682 3671 1770 3730 cum
1796 3644 1981 3732 mensuris
2011 3643 2080 3732 suis

739 3740 979 3849 comparabit
1019 3737 1170 3832 facile;
1225 3749 1365 3858 quippe
1408 3753 1549 3863 quintoe
1596 3760 1637 3837 δε
1673 3759 1819 3841 extimat
1862 3743 2078 3842 Paraltaiis

730 3851 859 3954 major
897 3850 950 3933 est
991 3851 1173 3936 Patallaxi
1202 3856 1318 3940 Lunae
1346 3862 1491 3942 nostrae.
1576 3863 1635 3950 At
1662 3865 1762 3950 Solis
1782 3867 2003 3951 Patallaxis
2031 3863 2073 3967 9²

735 3985 818 4041 non
854 3958 1048 4050 excedtt
1107 3959 1275 4077 ideoque
1312 3965 1528 4054 insensibilis
1567 3973 1665 4074 est,
1719 3974 1828 4058 instar
1866 3977 2077 4062 Parallaxit

736 4065 836 4150 Solis
855 4066 887 4151 ’ὲ
916 4073 1036 4152 Terra
1065 4069 1146 4152 vifi.
1817 4111 1820 4119 ·

737 4305 747 4325 ι
790 4202 918 4284 Oculo
956 4205 995 4286 in
1032 4207 1200 4292 Saturno
1239 4211 1366 4323 pofito
1402 4220 1566 4304 maxime
1593 4223 1786 4310 mirandus
1814 4227 1869 4311 est
1895 4227 2077 4314 Annultts

735 4303 803 4388 rste
845 4309 1051 4395 Saturnum
1095 4317 1289 4429 cingens,
1330 4324 1380 4410 de
1418 4355 1497 4440 quo
1539 4327 1624 4415 Lib.
1672 4360 1734 4419 Ιν.
1775 4336 1958 4421 dictum:
2020 4337 2078 4419 est

728 4418 878 4529 quippe
896 4421 1052 4508 ,eminus
1080 4420 1178 4513 visus
1207 4427 1456 4542 spectaculum
1483 4435 1548 4550 sui,
1563 4443 1712 4554 generis
1730 4447 1912 4550 tticum,
1938 4444 2081 4560 quod·

768 4597 772 4604 .
1158 4615 1169 4630 ,
1475 4605 1477 4608 .
1603 4600 1608 4610 -
1983 4577 2079 4663 que
