4420 5692
707 604 783 678 r490
950 575 1479 658 astronomus
1525 577 1862 662 rursm

528 744 533 756 ·
708 740 753 804 ra
784 715 862 814 est,
890 713 1029 802 eadem
1058 745 1200 834 nempe
1232 745 1317 832 quae
1343 715 1448 827 tripli
1477 714 1578 806 smtis
1611 714 1723 806 arctis
1755 745 1780 802 c
1811 745 1836 804 t
1870 717 2025 804 Distan-

712 833 773 914 tiae
795 833 912 913 Lunae
941 827 964 913 i
990 833 1236 942 Quadratum
1261 830 1313 914 ad
1346 831 1524 916 radium:
1550 834 1719 917 Inventa
1745 835 1862 946 igitur
1888 835 1942 916 est
1967 861 2024 917 ra-

710 945 769 1029 tio
804 939 1001 1057 utriusque
1035 950 1103 1030 Vis
1143 945 1290 1031 Solaris
1333 947 1594 1057 perturbantis
1626 948 1744 1034 Lunae
1783 951 1942 1034 Motum
1970 947 2022 1034 ad

707 1058 925 1144 Gravitatis
957 1062 1049 1144 Vim
1078 1061 1195 1144 nobis
1226 1059 1465 1145 familiarem.

767 1173 917 1257 Poterit
956 1165 1101 1286 absque
1131 1171 1296 1259 senfibili
1339 1201 1469 1258 errore
1506 1171 1635 1260 media
1672 1175 1745 1261 Vis
1778 1199 2022 1284 componens

708 1285 880 1396 negligi,
921 1289 1067 1398 quippe
1109 1288 1167 1400 ad,
1201 1290 1395 1372 rationem
1432 1288 1660 1400 aequalitatis
1697 1291 1876 1401 proxime
1912 1313 2020 1373 acce·

708 1397 831 1484 dens:
859 1400 983 1484 Unde
1017 1404 1143 1487 multo
1177 1401 1385 1515 simplicior
1418 1402 1553 1486 evadit
1580 1395 1736 1489 solutio.
1770 1413 1779 1426 ‘
1829 1513 1832 1519 Ι

840 1569 1725 1728 ιιεετισνι.

762 1813 837 1901 Da
880 1815 1121 1902 Tubunis
1159 1811 1502 1900 Luururuus
1539 1813 1586 1908 όΝ
1629 1836 1830 1898 sununs
1859 1811 1983 1895 Usu.

946 2010 1495 2102 PROPOSITIO
1567 2009 1790 2093 XXVI.

654 2301 658 2308 ,
716 2240 941 2326 Tabularum
966 2235 1209 2326 Lanarum,
1254 2243 1309 2323 ad
1344 2239 1459 2323 Lm
1484 2240 1600 2318 locum
1625 2235 1644 2318 ὲ
1670 2260 1792 2318 centro
1819 2231 1934 2319 Terra
1959 2240 2019 2314 vi.

763 2358 850 2467 firm
876 2355 1043 2468 expedite
1076 2358 1346 2441 inveniendum
1369 2354 1668 2460 destinatarum,
1713 2347 1897 2436 Ordinem
1920 2371 2020 2462 (κρῆ

771 2501 870 2556 nere.

806 2662 923 2746 Rimo
952 2666 1129 2750 omnium
1165 2666 1406 2753 constituitur
1437 2663 1600 2776 Epocha
1628 2657 1691 2747 seu
1722 2615 1850 2746 lladix
1884 2653 2019 2747 Monls

808 2779 954 2868 Lunaer
983 2781 1063 2863 hoc
1087 2781 1167 2876 est,
1198 2783 1286 2887 (ut
1314 2778 1481 2892 superius
1505 2779 1591 2862 Lib.
1624 2801 1707 2858 111.
1736 2778 2019 2892 explicatum)

714 2887 906 3005 allumpto
941 2896 1087 3005 punbio
1132 2893 1297 2980 notabili
1344 2893 1548 3004 Temporis
1589 2891 1707 2974 medii
1745 2895 1934 2978 numerati
1980 2892 2020 2974 in

714 3007 827 3090 Loco
859 3004 910 3088 ad
942 3033 1060 3117 quem
1092 3009 1250 3094 Tabulae
1282 3008 1542 3103 destinantur,
1583 3004 1605 3092 ὲ
1635 3004 1795 3116 regione
1820 3033 2023 3121 apponun.

713 3143 779 3203 tur
802 3117 936 3202 medis
964 3122 1247 3232 Longitudines
1276 3128 1421 3221 Lunae,
1450 3117 1619 3227 ejusdem
1647 3121 1813 3233 Apogaei
1841 3128 1881 3206 δι
1908 3120 2023 3206 Nodi

714 3225 956 3318 ascendentis
989 3234 1094 3320 diuo
1122 3240 1308 3352 Tempori
1335 3259 1618 3348 competentes.
1660 3235 1946 3348 Similiterque,
1973 3235 2023 3320 ad

716 3348 833 3431 Lunae
862 3342 1048 3462 Aspectus
1079 3379 1166 3435 cum
1189 3354 1284 3438 Sole
1317 3375 1501 3465 prompte
1528 3349 1789 3434 inveniendos
1828 3351 2023 3438 constitui·

716 3484 779 3542 tur
806 3461 932 3544 Radix
971 3459 1106 3548 Mortis
1135 3466 1252 3552 medii
1283 3473 1400 3553 Lunae
1426 3465 1450 3552 i
1476 3465 1599 3554 Soles
1622 3463 1700 3548 hoc
1731 3465 1817 3560 est,
1843 3460 2023 3575 adscribi·

718 3595 781 3655 tut
810 3599 982 3685 congrua
1011 3577 1118 3662 diuae
1141 3580 1309 3691 Epochae
1340 3580 1531 3665 Distantia
1561 3579 1687 3663 media
1711 3583 1828 3665 Lunae
1859 3579 1883 3664 ὲ
1914 3579 2022 3665 Sole.

773 3683 986 3788 Secundo,
1025 3697 1158 3796 Motus
1192 3697 1312 3780 medii
1341 3695 1456 3810 iplrus
1480 3697 1598 3780 Lunae
1613 3749 1627 3789 ,
1665 3688 1832 3798 ejusdem
1857 3695 2023 3805 Apogaei

716 3801 756 3884 δε
792 3802 927 3900 Nodi,
954 3833 1028 3915 pro
1064 3810 1218 3908 Annis,
1247 3813 1389 3896 horum
1413 3808 1649 3904 decadibus,
1676 3809 1904 3892 centenariis
1939 3815 2022 3900 &cs

712 3912 808 3996 item
841 3944 912 4026 pro
950 3919 1172 4020 Menfibus‚
1213 3926 1388 4018 Diebus,
1417 3921 1537 4005 Horis
1566 3929 1605 4006 δι
1639 3927 1754 4008 Horae
1780 3923 1952 4036 partibus
1982 3924 2023 4006 in

715 4028 885 4112 Tabulas
920 4027 1185 4142 disponuntur.
1245 4036 1470 4146 Pariterque
1511 4039 1645 4120 Motus
1686 4037 1804 4121 medii
1847 4041 1963 4122 Lunae
1999 4034 2023 4121 ai

717 4138 812 4224 Sole
841 4169 913 4252 pro
941 4141 1109 4228 fimiliter
1142 4149 1317 4258 expanlis
1348 4155 1387 4232 δι
1422 4149 1592 4236 collobiis
1625 4151 1774 4247 Annis,
1801 4149 2022 4248 Menstbus,

716 4251 868 4340 Diebus
894 4259 970 4338 bec.
1004 4259 1044 4340 in
1079 4261 1247 4345 Tabulas
1274 4259 1559 4376 disponuntur3
1585 4265 1652 4374 qui
1679 4263 1793 4349 facile
1823 4266 2023 4370 inveniun-

714 4385 780 4447 tur
812 4361 1064 4456 lubducendo
1104 4378 1260 4460 Morum
1305 4381 1407 4463 Solis
1445 4377 1616 4464 medium
1650 4405 1699 4461 ex
1739 4383 1857 4466 Motu
1890 4376 2022 4464 medio

712 4479 833 4576 ‚Lunae
858 4483 995 4596 eidem
1023 4491 1188 4601 tempori
1220 4519 1409 4607 congruo.
1785 4547 1786 4551 ι

773 4596 938 4699 Tettio,
979 4603 1138 4713 ponitur
1187 4607 1394 4700 Corretiio
1445 4605 1584 4698 Motis
1621 4605 1740 4702 medii
1787 4609 1919 4806 Lunffi
1949 4632 2021 4719 pro

1834 4722 1886 4808 D‘
1920 4721 2023 4810 antia
