4376 5694
258 601 304 678 o
335 595 731 676 ouonrrarcsa
765 583 1105 681 araneum
1129 605 1342 710 amru.
1381 571 1496 712 '525'
1582 580 1642 604 ’“

185 751 269 815 tum
299 737 469 844 Tempus
497 733 721 846 reperiatur.
781 735 929 816 Verum
960 734 1002 816 in
1030 735 1289 818 luminarium
1318 735 1485 820 Defedli·

183 842 259 928 bus
286 843 532 958 supputandis
559 845 652 932 scire
689 871 851 956 oportet
887 845 1000 930 Viam
1036 873 1154 958 quam
1191 870 1303 932 tenet
1327 849 1484 934 lunai

182 957 277 1044 Sole
318 961 405 1042 eive
448 961 632 1070 opposito
671 963 844 1070 pundo,
887 961 1096 1070 quomodo
1132 987 1272 1071 nempe
1315 963 1397 1044 haec
1430 963 1483 1046 ad
1698 1051 1700 1056 ,

181 1069 409 1184 Eclipticam
439 1073 678 1162 inclinatura
707 1077 746 1154 δε
774 1074 890 1154 Lunae
916 1075 1051 1154 Motus
1077 1071 1337 1156 confideratur
1367 1074 1497 1184 quid·
1575 1083 1578 1088 ‘

181 1181 371 1283 solent,
403 1185 509 1298 quast
538 1187 608 1268 Sol
646 1183 723 1296 ipse
758 1185 943 1266 immotus
970 1183 1217 1282 consrsteret,
1251 1211 1319 1270 aut
1351 1189 1482 1297 potius

181 1297 287 1408 quast
314 1299 383 1382 Sol
416 1301 502 1406 post
525 1299 695 1409 aliquem
725 1321 875 1380 motum
908 1298 950 1377 in
974 1297 1169 1407 pristinum
1193 1297 1325 1380 locum
1365 1324 1481 1382 retra.

129 1507 131 1514 Ι
181 1411 365 1509 heretur,
403 1437 557 1522 unaque
583 1415 690 1496 luna
726 1409 977 1506 tantundem,
1015 1437 1085 1519 per
1116 1413 1236 1492 rectas
1262 1409 1477 1521 parallelas.

180 1525 226 1608 In
253 1525 331 1607 hoc
364 1518 450 1606 casu
465 1526 723 1634 patetViam,
742 1550 861 1634 quant
889 1525 997 1605 Luna
1024 1517 1046 1603 ai
1071 1522 1164 1602 Sole
1193 1522 1234 1602 in
1260 1517 1365 1604 sensu
1402 1525 1479 1626 jam

177 1638 374 1748 explicato
399 1637 611 1746 ingreditur
633 1695 647 1734 ‚
686 1637 800 1718 aliam
820 1629 895 1768 elie
919 1632 943 1718 a
962 1635 1035 1720 Via
1051 1635 1170 1720 Lunae
1186 1629 1384 1734 absoluta,
1400 1634 1480 1718 ali·

177 1745 315 1948 “ll
331 1747 1068 1972 dlflltlltlrlllllnm
1102 1859 1243 1946 aaa
1280 1845 1341 1945 aa
1376 1835 1547 1983 urna

176 1979 345 2091 primm,
376 2001 441 2058 nu
481 1976 599 2057 Viam
632 1978 748 2059 Luna
781 1971 1026 2069 absolutam,
1059 1984 1111 2078 ῃ,
1146 1973 1325 2058 Nodum
1383 1977 1479 2060 Sits
1518 1973 1571 2046 ⁸⁴8·
1598 1984 1625 2036 5·

173 2091 246 2178 Sol
276 2089 433 2173 aliudve
467 2087 639 2199 quodvis
673 2089 867 2198 Eclipticae
903 2091 1112 2196 pundlum,
1158 2088 1289 2172 datam
1331 2087 1481 2173 habene¹

175 2205 201 2289 ai
234 2203 327 2287 Sole
357 2201 600 2288 distantiamr
636 2227 659 2282 a
687 2205 816 2283 Locus
842 2203 958 2282 L'unae
974 2257 988 2298 ‚
1028 2201 1134 2303 cujus
1160 2201 1346 2284 Latitudo
1384 2212 1479 2286 nn:

175 2321 223 2402 In
250 2315 436 2425 temporis
468 2337 576 2424 parte
610 2307 695 2396 satis
719 2339 838 2424 parva
863 2317 880 2411 (
906 2317 1017 2396 Hora
1048 2334 1139 2420 arg.
1169 2317 1236 2397 aut
1261 2312 1363 2398 binis
1396 2319 1483 2398 Ho-

173 2424 265 2535 ris)
296 2451 427 2511 motus
454 2425 690 2534 intelligatur
721 2425 790 2509 Sol
812 2424 872 2507 ab
900 2427 993 2508 sad
1017 2441 1066 2523 ὸ,
1093 2431 1133 2508 &
1157 2429 1264 2510 luna
1295 2427 1345 2509 ab
1377 2455 1402 2511 a
1430 2427 1483 2514 ad
1578 2495 1594 2542 4
1645 2431 1649 2436 ’

113 2595 118 2607 ·
171 2585 217 2637 a.
253 2538 412 2624 Retrahi
434 2542 511 2643 jam
549 2533 786 2650 supponatur
815 2538 884 2621 Sol
908 2537 958 2619 ab
991 2577 1011 2618 o
1038 2537 1090 2622 ad
1112 2535 1377 2649 s,'stmulque·
1394 2563 1479 2623 tana

43 2699 44 2704 Ν
168 2653 331 2742 eundem
357 2657 484 2747 Luna,
514 2677 655 2762 nempe
679 2651 729 2732 ab
764 2689 786 2738 a
818 2651 870 2733 ad
899 2653 1010 2757 lper
1046 2657 1189 2735 rellan
1222 2652 1284 2738 al
1315 2653 1478 2760 paralle-

163 2769 246 2854 lam
270 2770 310 2848 δι
339 2765 528 2877 aequalem
559 2815 579 2856 a
606 2789 655 2853 rr
680 2767 830 2863 junctus
863 2763 1100 2874 intelligatur
1136 2789 1246 2846 arcus
1281 2766 1338 2845 rl
1353 2824 1365 2862 ,
1407 2763 1477 2878 qui

33 2975 36 2982 ¹
162 2883 240 2966 erit
271 2879 348 2960 Via
388 2905 507 2988 quarn
539 2874 698 2961 Lunad
730 2875 824 2960 Sole
860 2899 970 2958 mota
1035 2877 1226 2972 emunit,
1267 2876 1360 2962 licet
1396 2881 1478 2982 ejus

162 2994 245 3078 Via
281 2986 456 3076 absoluta
480 2989 523 3073 fit
553 2989 716 3073 circulus
750 3013 837 3072 Lu.
880 2987 947 3071 nd
1014 2987 1318 3072 eterminandam
1357 2992 1477 3075 Viam

160 3108 265 3191 hanc
298 3104 385 3201 ul,
424 3101 563 3185 dantur
595 3109 682 3185 ω’
701 3098 887 3185 Latitudo
929 3102 1059 3210 puncti
1095 3129 1120 3184 u
1159 3103 1199 3184 in
1232 3127 1325 3186 vera
1359 3107 1477 3188 Luna

160 3221 243 3302 Via
270 3213 376 3312 dati,
416 3219 456 3299 ἀ
493 3216 557 3294 la
593 3213 776 3300 latitudo
805 3214 938 3326 punili
965 3217 985 3295 l
1008 3213 1147 3298 eadem
1172 3243 1275 3324 ‘cum
1313 3241 1374 3292 aa
1405 3221 1476 3302 La.

161 3329 333 3418 titudine
378 3328 508 3442 pundli
546 3351 567 3402 a
606 3327 646 3408 in
682 3353 776 3410 veta
817 3321 1073 3439 absolutaque
1115 3328 1254 3410 Lunari
1298 3327 1371 3408 Via
1404 3354 1474 3412 aa

162 3447 284 3536 ctiam
309 3439 414 3539 dati,
440 3465 528 3522 cum
558 3435 671 3524 detur
702 3441 784 3544 ejus
815 3437 1036 3534 distantiaa
1070 3463 1096 3524 r„
1131 3439 1275 3524 ddato
1308 3465 1360 3537 a,
1396 3441 1475 3526 Via
1626 3513 1652 3548 s

161 3582 306 3669 nempe
354 3557 471 3645 Lunae
490 3548 606 3634 dato
645 3575 822 3664 tempore
853 3549 1067 3662 percursa:
1105 3553 1218 3637 datur
1250 3552 1367 3635 etiam
1401 3580 1428 3636 a
1448 3582 1474 3635 a

160 3667 380 3756 differentia
413 3661 747 3776 longitudinum,
786 3689 928 3775 nempe
963 3661 1133 3749 excelius
1165 3665 1264 3750 datae
1310 3678 1388 3745 a'a
1417 3662 1474 3748 su-

160 3809 236 3900 pra
261 3810 321 3863 aa
359 3777 426 3862 vel
454 3805 541 3866 sar
567 3773 843 3888 dabunturque
868 3775 1035 3891 proinde
1062 3783 1164 3887 (pet
1187 3801 1299 3886 prae.
1328 3777 1472 3885 Lem.)

159 3895 327 4008 angulus
357 3895 458 3978 inter
496 3890 561 3974 ul
595 3888 867 3972 Viam-Lunae
899 3889 922 3972 d
953 3889 1113 3973 Sole&
1142 3888 1394 3998 Eclipticam‚
1431 3895 1472 3972 δι

159 4009 326 4204 angulus
356 4005 459 4204 ugr
470 4003 588 4200 nisrtter
611 4001 788 4222 3&ng
800 4002 914 4087 Viam
944 4005 986 4084 δι
1020 4000 1251 4087 Latitudinis
1288 4001 1473 4102 circulum

157 4144 801 4238 acompreus....
1066 4153 1069 4158 ·

568 4285 1081 4372 Conouurnrum

223 4463 322 4568 Quo
349 4455 478 4542 minor
510 4455 565 4540 est
593 4457 729 4538 Motus
764 4426 880 4540 Luna
905 4452 930 4540 d
954 4453 1074 4550 Sole,
1113 4481 1164 4540 eo
1190 4456 1212 4551 (
1234 4455 1379 4539 caretis
1410 4481 1472 4565 pa·
1495 4491 1584 4572 a„

153 4573 270 4662 n‘bm
304 4573 321 4677 )
353 4570 514 4681 angulus
543 4569 645 4654 inter
679 4566 908 4683 Eclipticam
934 4569 976 4652 δι
997 4569 1064 4650 lr.
1097 4570 1222 4674 major
1250 4570 1332 4657 estr
1367 4593 1481 4665 nam,
1525 4673 1530 4678 .
1616 4591 1620 4602 ·

254 4681 525 4797 Gregoridstr.
551 4677 742 4784 Tam.112
949 4682 993 4766 N
1332 4675 1482 4766 atel.
1523 4701 1535 4726 ·

103 4999 113 5010 ·
255 4947 300 5084 l
