4376 5694
723 643 796 739 '556
916 627 1922 714 Asvru'oNuMJAE‘rrrrth‘t·

529 761 763 906 ·ii⁶‘p;¹’‘}'¹·ta
786 804 854 864 εΜ
888 783 1010 885 major
1041 778 1085 862 fit
1119 779 1185 860 uel
1220 776 1376 888 aequalis
1411 774 1713 862 Semidiametris
1745 775 1847 860 Solis
1879 779 1920 860 δι
1957 779 2034 862 Lu:

599 867 636 938 ζ’
672 883 683 905 ’
723 925 780 978 nae
809 893 1081 1009 apparentibus
1115 919 1178 974 su
1211 894 1249 972 ὅ(
1277 917 1318 972 Μ
1337 917 1365 971 tr
1411 887 1543 990 stmuh
1582 916 1666 975 tum
1699 891 1845 976 nullam
1876 889 2031 1004 prorsus

718 1009 885 1094 futuram
920 1008 1120 1122 proposito
1147 1005 1359 1117 Speuiatori
1377 1003 1480 1088 Solis
1509 1003 1706 1117 ·Eclipsrn;
1738 1003 1792 1088 srn
1817 1031 1884 1088 su
1910 1035 2030 1120 quam

720 1151 780 1208 stt
816 1128 855 1204 δε
887 1147 967 1205 ΜΗ
1003 1122 1109 1204 iimul
1137 1119 1252 1202 fuerit
1287 1119 1446 1215 minor,
1488 1144 1572 1202 turn
1611 1122 1781 1233 aliquam
1811 1117 1945 1204 saltem
1970 1123 2029 1206 ftt-

720 1233 855 1322 turam.
916 1236 994 1320 Sed
1023 1235 1072 1320 ad
1101 1233 1181 1318 dari
1206 1233 1348 1315 Mensis
1375 1233 1637 1318 Noviluniurn
1662 1238 1823 1318 inventa
1854 1235 1909 1316 est
1931 1265 1950 1318 s
1969 1267 2026 1333 Μ,

720 1357 762 1434 δι
795 1351 876 1460 (iu
914 1345 1045 1434 iisdem
1083 1348 1279 1464 partibus,
1320 1373 1461 1460 nempe
1496 1348 1672 1460 partibus
1698 1349 1840 1433 ¹circuli
1868 1347 1887 1456 )
1919 1346 2027 1463 supra

721 1467 984 1548 determinatae
1016 1460 1100 1548 suut
1148 1463 1251 1544 Solis
1294 1461 1490 1573 Lunaeque
1534 1463 1726 1546 Diametri
1763 1489 2026 1574 apparentesr

722 1579 828 1664 unde
855 1579 1059 1662 definietur
1089 1604 1182 1659 nuru
1216 1575 1295 1658 dui
1326 1577 1465 1666 Mentis
1496 1576 1759 1665 Novilunium
1787 1581 1954 1664 iutututn
1981 1575 2027 1662 stt

609 1765 637 1790 .,
724 1695 953 1803 Ecliptieum
983 1721 1119 1775 necue.

778 1809 821 1890 Si
852 1809 982 1919 aliqua
1008 1805 1135 1888 futura
1155 1805 1252 1901 est,
1285 1803 1333 1886 ad
1353 1806 1433 1919 ejus
1465 1810 1736 1907 Quantitatem
1771 1808 2026 1892 determinan-

726 1923 815 2008 dam
863 1922 1087 2034 advertatur
1131 1919 1205 2001 eiie
1249 1945 1318 2002 su
1352 1925 1392 2001 &
1426 1945 1509 2002 ΜΜ
1545 1923 1652 2007 simul
1678 1926 1844 2034 equales
1885 1948 1952 2005 us
1984 1924 2025 2000 δι

726 2065 754 2122 u
771 2063 798 2118 u
841 2034 949 2119 fimul
965 2067 988 2138 ε,
1008 2036 1048 2118 Si
1079 2061 1174 2145 ergo
1204 2033 1226 2116 i
1255 2057 1351 2116 nota
1375 2029 1519 2118 summa
1549 2027 1928 2122 semidiametrorum
1953 2036 2025 2118 So-

726 2154 773 2238 lis
808 2155 1002 2260 Luuaeque
1031 2147 1224 2232 auferat-ur
1256 2173 1374 2232 notus
1406 2175 1515 2232 arcus
1549 2177 1641 2249 srt,
1678 2152 1918 2262 relinquetur
1949 2173 2023 2232 uu

726 2265 918 2349 Diatnetri
956 2263 1099 2347 Soletis
1129 2289 1215 2372 pars
1247 2261 1398 2346 testei
1435 2267 1545 2346 Luna
1573 2288 1749 2375 tempore
1780 2260 2025 2349 obscuratio·

711 2379 790 2490 ‘rtis
819 2379 1017 2474 maximat,
1047 2403 1135 2490 quet
1164 2375 1213 2459 ad
1246 2376 1403 2487 Digitus
1441 2379 1644 2490 Digitique
1677 2401 1806 2488 partes
1832 2378 1947 2462 facile
1971 2403 2024 2459 te·

643 2515 644 2520 ‘
728 2493 910 2612 pineum,
958 2519 1045 2573 cum
1089 2490 1190 2573 Solis
1230 2492 1432 2576 Diameter
1477 2497 1624 2604 integra
1662 2496 1703 2575 ric
1733 2519 1821 2604 pars
1858 2493 2021 2578 teatin

726 2602 861 2693 iisdem
896 2606 1064 2719 partibus
1103 2601 1279 2716 expressae
1315 2605 1541 2688 habeantur.

790 2714 1074 2802 Observatione
1120 2743 1249 2801 autem
1291 2721 1438 2803 constat
1473 2724 1589 2803 Lunae
1630 2715 1874 2803 Diametrum
1913 2740 2024 2828 appt-

729 2860 881 2920 'rentem
922 2834 1113 2915 minorem
1142 2829 1217 2914 effe
1254 2833 1367 2940 (vel
1394 2834 1497 2916 forte
1530 2834 1641 2918 Solis,
1669 2834 1911 2917 Diametrurn
1951 2855 2025 2912 ma·

729 2941 892 3054 jurem)
926 2947 965 3028 in
996 2944 1097 3028 Solis
1136 2943 1273 3058 Eciipst
1303 2973 1420 3058 quam
1464 2949 1501 3029 in
1547 2945 1685 3030 eadem
1718 2947 1770 3030 ab
1810 2946 1940 3028 Oculo
1963 2935 2027 3023 dis·

730 3062 855 3166 tantia
898 3085 1007 3144 extra
1037 3059 1172 3158 illam,
1212 3065 1414 3172 (propter
1443 3063 1634 3144 rationem
1673 3065 1787 3174 Prop.
1822 3085 1906 3144 xlx.
1943 3057 2025 3140 Lib.

736 3198 775 3264 .1.
812 3171 1040 3270 iudicatam,
1071 3173 1088 3282 )
1123 3198 1242 3286 atque
1266 3173 1522 3259 differentiam
1555 3171 1630 3258 etse
1657 3171 1738 3258 fere
1765 3168 2028 3284 sexagestmam

730 3313 882 3400 partem
914 3288 1106 3371 Diametri
1141 3290 1333 3399 integre:
1377 3293 1502 3394 Hujus
1537 3313 1632 3400 ergo
1669 3285 1935 3370 Correctionis
1965 3285 2029 3366 ha·

729 3403 869 3486 beuda·
895 3403 948 3486 est
978 3402 1079 3485 ratio
1113 3401 1153 3484 in
1199 3402 1355 3516 Eclipfis
1389 3401 1620 3517 Qtautitate
1653 3396 1924 3522 Phustbusque¹
1941 3393 2032 3482 defi,

733 3515 898 3600 niendis.
1464 3588 1471 3597 .

620 3655 739 3736 ugus
793 3629 969 3724 Tandem
1004 3629 1056 3712 ad
1095 3625 1429 3715 determinandum
1470 3636 1567 3717 Tem
1595 3659 1641 3716 us
1675 3657 1757 3744 quo
1792 3630 1906 3711 Luuae
1943 3653 2031 3710 cen·

732 3769 836 3828 rrum
884 3747 924 3826 in
962 3771 993 3832 Μ
1014 3744 1256 3856 reperietur,
1299 3743 1523 3830 advertatur
1608 3745 1637 3827 ri
1661 3769 1812 3860 ¹tempus
1848 3742 2032 3853 (quippe
2164 3781 2165 3788 Ν

734 3853 1005 3970 assumptum)
1053 3887 1136 3969 quo
1191 3859 1297 3941 Luna
1340 3883 1450 3943 motu
1490 3855 1558 3943 suo
1590 3856 1613 3940 ὲ
1646 3861 1740 3944 Sole
1786 3849 1868 3938 viso
1908 3853 2033 3965 (five

734 3979 972 4084 apparente,
1016 3968 1233 4082 compofito
1255 3975 1392 4084 partim
1431 4001 1478 4055 ex
1508 3999 1617 4056 motu
1645 3973 1762 4056 Lunae
1794 3996 1921 4068 veru,
1959 3997 2035 4082 par·

639 4133 644 4140 ·
737 4086 807 4166 tim
839 4113 887 4168 ex
919 4088 1001 4189 ejus
1035 4107 1146 4167 motu
1180 4089 1380 4196 apparenti
1414 4116 1461 4170 ex
1495 4087 1678 4172 Parallaxi
1709 4083 1840 4188 orto)
1868 4085 1954 4167 Viae
1982 4083 2037 4164 vi-

732 4193 775 4280 {ae
812 4223 886 4282 ΛΜ
924 4225 1073 4310 partem
1104 4221 1239 4294 uotam
1270 4227 1369 4296 rr,
1406 4198 1485 4294 srvc
1518 4202 1648 4312 potius
1682 4199 1877 4311 Eclipticae
1903 4221 2036 4279 arcum

737 4335 879 4394 notum
910 4335 989 4394 cu
1024 4312 1233 4422 percurrit,
1272 4313 1433 4428 darique
1463 4339 1646 4427 preterea
1677 4341 1807 4398 arcum
1846 4336 1873 4392 A
1891 4337 1947 4408 Μ,
1983 4309 2038 4390 tti-

734 4425 871 4506 mitum
906 4451 1062 4508 arcuum
1100 4428 1345 4537 cognitorum
1383 4456 1410 4508 rt
1430 4451 1460 4510 Ν
1487 4434 1527 4510 &
1560 4455 1589 4514 Μ
1610 4451 1639 4510 Μ
1669 4423 1851 4510 summam
1876 4425 1941 4506 vei
1966 4420 2038 4505 dif·
2163 4525 2164 4528 p

733 4537 962 4626 fetentiamr
991 4537 1094 4622 unde
1121 4567 1168 4622 ex
1197 4541 1377 4651 analogia
1405 4539 1560 4626 dabitur
1589 4566 1739 4654 tempus
1760 4534 2038 4634 neceffarium',
2163 4595 2164 4630 t

709 4677 779 4747 ut
813 4656 921 4740 Luna
955 4677 1066 4752 ,motu
1095 4649 1163 4738 suo
1201 4651 1343 4750 isole
1372 4651 1454 4746 viso
1484 4677 1736 4770 percurratur
1757 4679 1790 4734 Μ
1816 4649 1942 4736 :Sed
1975 4651 2041 4732 da·

1976 4789 2038 4846 tur
