4420 5692
706 635 778 723 480
932 597 1851 692 a-srrtoruoraaauurrrca

707 785 776 871 per
803 757 960 872 aequalis
991 779 1020 836 τ
1053 775 1080 836 u
1111 746 1362 834 existentibus
1401 771 1484 831 rum
1517 745 1628 829 redis
1672 769 1703 826 u
1729 767 1790 841 r,
1832 765 1910 825 an
1946 767 2012 858 pa.

708 873 883 963 rallelis3
913 877 1006 962 &u
1037 891 1065 950 u
1101 863 1180 949 five
1214 889 1244 945 u
1273 889 1300 944 r
1332 859 1490 974 aequalis
1525 885 1551 942 Α
1582 885 1623 942 a.
1683 854 1884 974 Qtoniant
1913 885 2013 944 vero

708 987 859 1070 saest
891 985 942 1070 ad
976 1010 1048 1066 stc
1076 983 1115 1063 in
1146 976 1343 1090 duplicata
1375 976 1527 1059 ratione
1560 1001 1633 1057 st<
1665 972 1716 1055 ad
1743 999 1761 1052 s
1788 997 1838 1069 n,
1866 976 1906 1052 δι
1940 997 2010 1058 ει

709 1101 856 1185 infinita
887 1094 1055 1210 respedtu
1088 1121 1117 1176 tt
1144 1119 1201 1182 ur
1228 1092 1300 1175 erit
1334 1117 1360 1168 a
1390 1117 1416 1172 rc
1448 1096 1464 1190 (
1494 1087 1710 1172 differentia
1740 1081 1904 1195 ipsarum
1940 1113 1966 1168 a
1992 1119 2013 1174 s

708 1219 749 1296 dr
779 1239 796 1295 s
824 1215 891 1322 rt)
924 1210 1044 1320 dupla
1073 1233 1151 1289 un
1186 1204 1454 1316 (differentiae
1481 1205 1493 1285 i
1523 1200 1643 1286 sarum
1670 1229 1688 1284 s
1714 1227 1741 1281 u
1771 1204 1853 1281 &s
1885 1199 1944 1306 n)
1971 1208 2013 1286 de

708 1354 735 1408 a
768 1353 791 1408 1,
818 1323 984 1430 ejusdem
1008 1321 1146 1434 tripla:
1179 1317 1258 1404 Sed
1285 1347 1364 1402 ren
1400 1319 1454 1403 est
1487 1235 1585 1400 dnus
1619 1319 1741 1398 ret'tus
1772 1310 1882 1404 arella
1909 1339 1933 1398 c
1959 1345 2011 1418 n,

708 1441 893 1524 distantiae
929 1464 1070 1550 nempe
1098 1435 1280 1518 Satellitis
1310 1434 1334 1517 a
1366 1432 1543 1544 proxima
1575 1430 1821 1528 Quadratura
1850 1457 1906 1528 c,
1942 1460 2012 1543 po.

710 1554 783 1637 stro
820 1583 849 1636 τ
876 1581 900 1635 u
928 1551 1052 1635 radio.
1111 1553 1156 1632 ln
1185 1550 1264 1630 hoc
1288 1549 1402 1660 igitur
1431 1544 1517 1630 casu
1548 1544 1661 1628 datur
1697 1565 1887 1657 perpetuo
1912 1549 2010 1632 ratio

712 1665 783 1750 Vis
816 1693 840 1748 a
868 1697 898 1750 n
934 1665 984 1748 ad
1008 1665 1100 1746 Vim
1130 1689 1162 1744 u
1189 1685 1245 1757 u,
1286 1660 1424 1745 eadem
1454 1686 1594 1770 nempe
1625 1685 1711 1771 quae
1746 1652 1843 1738 radli
1872 1657 1921 1739 ad
1947 1663 2010 1746 tri·

626 1817 631 1826 ·
711 1783 819 1896 plum
853 1781 972 1864 smum
1001 1783 1146 1864 rectum
1176 1776 1374 1860 Distaoriae
1404 1773 1586 1860 Satellitis
1610 1769 1633 1857 a
1658 1768 1915 1873 Quadratum

1155 1979 1572 2064 Scuou1um

769 2149 921 2237 Eodem
955 2149 1070 2264 plane
1103 2148 1226 2233 modo
1260 2176 1343 2264 quo
1374 2149 1443 2234 Sol
1476 2171 1584 2236 extra
1614 2142 1797 2231 satellitis
1832 2145 2009 2236 orbitam

713 2268 940 2352 constitutus
974 2269 1054 2370 ejus
1082 2288 1232 2348 motum
1260 2265 1490 2376 perturbat,
1518 2263 1638 2372 idque
1670 2259 1942 2361 multifariam,
1968 2289 2009 2349 ut

713 2409 762 2466 ex
790 2380 1094 2493 precedentibus
1124 2377 1236 2484 hujus
1266 2377 1371 2464 Libri
1398 2375 1730 2490 Propofitionibus
1751 2375 1904 2490 liquetr
1931 2380 2012 2463 Pla·

712 2521 811 2579 neta
835 2491 1051 2606 superiores
1076 2489 1327 2589 inferiorum,
1353 2493 1536 2577 Cometae
1563 2493 1737 2576 omnium
1768 2493 2011 2577 Planetarum

712 2632 843 2694 motus
869 2606 1164 2721 perturbabunt.
1195 2607 1318 2721 Supra
1346 2600 1535 2716 descripta
1563 2605 1667 2688 enim
1686 2603 1905 2690 satellitum
1933 2630 2013 2717 per·

713 2721 886 2806 turbatio
916 2721 939 2805 ai
973 2721 1067 2804 Sole
1105 2719 1270 2804 oriunda
1305 2721 1488 2832 provenit
1527 2745 1577 2804 ex
1610 2721 1799 2832 gravitate
1830 2720 2013 2806 Satellitis

714 2829 897 2947 cujusque
922 2830 1051 2918 versus
1080 2833 1239 2929 solem,
1263 2860 1342 2946 qua
1373 2835 1511 2935 (inter
1539 2833 1654 2945 alia)
1681 2829 1726 2915 fit
1756 2854 1800 2916 ut
1828 2831 2011 2918 Satellitis

714 2947 884 3061 gravitas
910 2946 1038 3031 versus
1068 2940 1174 3030 suurn
1206 2945 1429 3031 Primarium
1462 2973 1544 3032 non
1580 2944 1625 3031 fit
1652 2947 1815 3060 amplius
1847 2949 1887 3030 in
1918 2949 2010 3033 reci-

714 3087 835 3173 proca
858 3060 1054 3174 duplicata
1077 3061 1228 3146 tatione
1254 3061 1438 3145 distantiae
1464 3061 1514 3144 ab
1548 3059 1705 3148 eodem.
1762 3061 1812 3144 Et
1843 3059 2012 3147 adiones

715 3176 959 3259 Planetarum
989 3177 1029 3257 in
1058 3175 1156 3260 alios
1189 3175 1367 3259 Planetas
1400 3174 1538 3258 slmiles
1577 3175 1798 3289 producent
1825 3173 1983 3260 effedius
1997 3207 2016 3276 ‚·

715 3310 804 3372 utut
833 3290 952 3400 longe
991 3289 1190 3384 minores,
1227 3313 1388 3403 propter
1420 3290 1578 3374 illorum
1612 3315 1778 3404 corpora
1809 3290 1958 3402 parva,
1986 3289 2013 3374 st

715 3429 804 3508 ¹curn
850 3403 945 3488 Sole
982 3402 1258 3501 conserantur,
1299 3407 1339 3484 dc
1376 3400 1568 3488 distantias
1604 3397 1818 3488 immensas.
1875 3400 2015 3516 Aliqui

715 3538 846 3599 tamen
878 3542 992 3600 erunt
1020 3518 1060 3600 hi
1092 3513 1276 3614 effertus,
1305 3516 1403 3630 qui,
1431 3517 1459 3600 fi
1488 3517 1687 3629 perstent,
1716 3523 1757 3599 δι
1783 3519 1824 3600 in
1846 3517 2012 3602 eandem

714 3623 862 3741 semper
900 3632 1052 3744 plagam
1096 3630 1335 3742 dirigantur,
1377 3623 1571 3714 sensibiles
1606 3631 1762 3715 tandem
1801 3631 2012 3716 evadent:

711 3741 879 3855 exempli
903 3740 1049 3856 gratis,
1077 3744 1224 3828 Orbitae
1250 3743 1414 3828 Telluris
1448 3743 1611 3857 Apsrdes
1639 3747 1725 3860 post
1741 3745 1867 3856 plures
1887 3772 2011 3832 annos

710 3853 932 3942 senfibiliter
960 3857 998 3941 in
1023 3857 1299 3972 consequentia
1328 3860 1414 3940 lara
1445 3858 1810 3970 deprehendentur,
1834 3862 1927 3944 licet
1947 3860 2010 3943 ad-

712 3971 875 4054 modum
907 3999 1047 4084 parvus
1085 3975 1129 4056 fit
1161 3974 1225 4054 hic
1261 3995 1422 4067 motus,
1462 3969 1741 4066 ficonseratur
1777 3999 1864 4056 curn
1897 3999 2008 4057 motu

712 4081 900 4193 Aplidum
934 4087 1050 4166 Luna
1084 4087 1124 4165 in
1158 4079 1434 4193 consequentia
1477 4115 1488 4174 3
1527 4090 1673 4200 quippe
1702 4085 1837 4200 quiin
1870 4087 2007 4198 viginti

712 4196 822 4278 annis
859 4222 1028 4307 quatuor
1072 4193 1246 4308 scrupula
1273 4195 1396 4305 prima
1432 4199 1472 4278 dc
1513 4192 1677 4310 scrupuli
1715 4193 1895 4282 semissem
1924 4227 2008 4285 non

712 4309 892 4420 attingit,
928 4338 1015 4392 cum
1046 4338 1176 4394 morus
1209 4307 1396 4422 Apfidum
1431 4311 1548 4395 Lunae
1579 4313 1733 4398 interim
1762 4313 1880 4398 fastus
1908 4313 2004 4398 duas

712 4425 1169 4536 revolutioneslntegras
1195 4431 1235 4508 &
1263 4425 1520 4517 revolutionis
1545 4427 1799 4537 quadrantem
1828 4427 2005 4512 excedat.

769 4539 916 4642 Porro,
942 4539 1182 4648 perturbatio
1211 4535 1340 4626 motsls
1367 4539 1610 4624 Planetarum
1643 4539 1692 4623 ab
1725 4539 1808 4624 aliis
1836 4543 2005 4626 planetis

710 4653 750 4734 dr
781 4651 961 4738 Cornetis
991 4654 1154 4742 oriunda
1196 4653 1315 4741 valde
1354 4653 1552 4768 inaequalis
1581 4653 1687 4751 etit,
1729 4653 1784 4737 ob
1814 4654 2007 4741 distantias

1212 4803 1217 4812 ·
1863 4797 2005 4883 corpo·
