4322 5686
714 569 789 648 722
907 533 1446 624 Arrnououra
1498 527 1853 610 rurrrca

716 675 882 768 totidem
921 675 1036 762 Lunis
1073 669 1333 756 denominata.
1420 669 1671 757 Minimorum
1711 671 1904 758 Mensrunt
1947 673 2042 760 ultra

719 797 831 898 2407
874 789 914 872 in
954 783 1074 868 Anno
1109 782 1394 873 continenturr
1443 779 1630 892 Menfium
1654 785 1827 895 proxime
1855 783 2045 886 majorum

721 925 897 988 numerus
940 896 980 978 in
1019 890 1138 976 Anno
1175 888 1280 1002 quast
1317 888 1439 1003 duplo
1472 891 1636 980 minorr
1681 891 1817 976 ordine
1845 893 2045 976 tertiorum

722 1033 902 1097 numerus
929 1003 969 1087 in
998 1003 1118 1088 Anno
1146 999 1290 1110 Joviali
1317 995 1567 1085 secundorum
1591 999 1695 1114 quast
1723 996 1967 1112 subduplus,
2006 999 2048 1084 fi-

719 1149 772 1204 ve
818 1115 1063 1216 minimorum
1108 1108 1188 1194 fere
1237 1103 1581 1222 subquadruplusr
1639 1111 1894 1222 maximorum
1953 1137 2049 1194 vero

720 1223 909 1312 Mensrum
936 1217 1020 1305 sunt
1047 1222 1087 1304 in
1115 1218 1237 1302 Anno
1264 1215 1343 1302 fere
1373 1237 1466 1325 2ς44
1540 1221 1591 1304 Et
1617 1220 1707 1304 ideo
1729 1221 1818 1322 licet
1843 1221 2050 1330 Temporis

721 1335 893 1422 Notatio
922 1328 966 1414 fit
996 1327 1098 1442 apud
1125 1329 1267 1435 Jovem
1295 1329 1545 1428 intricatior,
1592 1332 1684 1442 quia
1705 1327 1840 1413 Annus
1867 1342 2049 1440 magnum

722 1449 884 1533 Dierum
920 1467 1119 1534 numerum
1150 1439 1362 1535 continet,
1416 1465 1484 1548 per
1511 1463 1680 1550 quatuor
1708 1439 1834 1520 hacce
1862 1433 2050 1522 Mensrum

724 1579 866 1670 genera
901 1550 965 1632 ilra
987 1545 1178 1660 ,expedita
1206 1543 1290 1630 satis
1316 1545 1486 1632 redditur
1524 1581 1535 1639 ς
1591 1549 1631 1630 in
1659 1545 1789 1630 Mense
1816 1547 1914 1630 enim
1939 1546 2069 1638 minis

728 1692 796 1746 mo
834 1683 1001 1771 quatuor
1025 1677 1181 1740 tantum
1207 1679 1319 1740 erunt
1346 1659 1441 1742 Dies
1468 1683 1554 1740 cum
1577 1655 1822 1769 quadranter
1865 1656 1904 1740 in
1929 1654 2052 1738 maxi·

725 1801 792 1856 mo
820 1797 917 1853 vero
946 1765 1062 1880 paulo
1091 1767 1174 1876 plus
1202 1763 1319 1876 quim
1345 1768 1442 1853 Dies
1468 1765 1733 1880 quadraginta.

782 1993 999 2081 Praeterea,
1048 1987 1164 2066 Lunae
1191 1981 1279 2081 har,
1322 1985 1405 2069 Soli
1432 1985 1455 2068 ὲ
1484 1988 1585 2093 Jove
1604 1983 1835 2178 ¹pppoiitar,
1877 1983 1918 2064 in
1947 1978 2055 2090 Jovis

669 2141 671 2144 ·
729 2099 904 2183 umbram
943 2095 1175 2176 incurrentes
1215 2089 1428 2192 deficiunt,
1472 2101 1513 2178 δι
1540 2096 1615 2178 vic'
1642 2125 1695 2178 rm
1724 2094 1806 2178 Soli
1830 2091 2054 2196 conjuncte,

729 2207 882 2316 umbras
919 2201 999 2286 suas
1035 2203 1074 2284 in
1109 2200 1251 2308 Jovem
1288 2205 1570 2313 projicientes,
1613 2200 1774 2315 speciem
1801 2203 1903 2288 Solis
1931 2195 2056 2284 defici·

734 2317 831 2426 entis
860 2312 987 2428 Oculo
1015 2313 1053 2394 in
1083 2311 1242 2438 regione
1268 2337 1335 2420 per
1359 2313 1534 2398 umbram
1561 2339 1748 2424 occupata
1789 2317 1912 2424 (quae
1941 2331 2057 2420 parra

733 2425 817 2509 satis
846 2423 917 2506 est„
939 2417 1147 2530 superficier
1186 2419 1297 2527 Jovis
1337 2425 1495 2532 portio)
1526 2421 1649 2530 posrto
1691 2423 1897 2534 prebent,
1948 2419 2057 2527 plane

737 2560 779 2618 ut
808 2535 917 2615 Luna
945 2531 1082 2612 nostra.
1168 2531 1365 2642 Qoniam
1398 2560 1493 2616 vero
1522 2535 1711 2616 Lunarum
1735 2531 1887 2614 istarum
1914 2525 2057 2610 Orbita

734 2645 833 2727 circa
874 2641 1014 2746 Jovem
1058 2631 1142 2720 sunt
1180 2641 1219 2720 in
1266 2640 1381 2749 plano
1429 2646 1602 2740 (omnes
1643 2639 1797 2750 quidem
1838 2639 1879 2720 in
1921 2633 2058 2719 eodem

734 2751 1067 2858 quamproxime,
1111 2741 1177 2828 nifi
1211 2745 1318 2859 quod
1359 2747 1382 2832 i
1409 2749 1512 2858 Jove
1540 2746 1723 2834 secundus
1748 2747 1837 2831 inde
1864 2745 2058 2854 paululum

734 2855 944 2952 deflectat)
985 2853 1034 2939 ad
1074 2854 1228 2963 planum
1265 2857 1406 2941 itineris
1435 2861 1545 2966 Jovis
1574 2861 1672 2943 circa
1698 2859 1829 2943 Solem
1860 2855 2058 2950 inclinato,

738 2961 901 3074 Eclipses
940 2965 1088 3046 istarum
1117 2965 1306 3049 Lunarum
1336 2969 1522 3052 centrales
1550 2965 1699 3051 sunt&
1727 2967 1892 3050 maxime
1920 2962 2060 3047 diutur-

737 3105 832 3171 nae,
876 3069 962 3154 ciun
990 3070 1058 3154 Sol
1086 3073 1125 3153 in
1153 3074 1280 3158 Nodo
1310 3079 1507 3160 Lunarum·
1528 3079 1711 3161 alterutro
1739 3071 1922 3158 versaurr.
1993 3074 2060 3154 So·

739 3186 776 3269 le
814 3205 921 3266 extra
960 3179 1061 3262 hunc
1101 3178 1210 3264 strum
1248 3179 1458 3282 versante,
1501 3184 1662 3296 Eclipses
1689 3188 1899 3268 etiamnum
1926 3181 2061 3265 totalts

738 3288 812 3378 effe
854 3313 1075 3401 poterunt,
1119 3287 1208 3373 licet
1247 3321 1327 3376 non
1366 3297 1551 3379 centrales
1586 3327 1597 3386 ;
1654 3296 1747 3409 quia
1781 3291 1918 3376 umbra
1953 3289 2063 3398 Jovis

739 3403 838 3485 decu
866 3401 906 3481 lo
931 3397 1027 3480 .fere
1065 3397 1177 3481 latior
1214 3401 1268 3483 est
1295 3397 1412 3513 quim
1442 3405 1652 3488 Satellitum
1679 3403 1844 3514 quivis,
1879 3406 1919 3482 dc
1943 3399 2065 3482 Lunae

741 3427 902 3613 cujuriis
930 3505 1115 3589 diameter
1142 3535 1326 3618 apparens
1354 3514 1558 3624 quintuplo
1586 3514 1708 3618 major
1734 3513 1837 3596 Solis
1872 3507 2066 3594 diametro

740 3641 961 3728 apparente.
1047 3615 1181 3728 Atque
1221 3618 1370 3731 insignis
1408 3621 1488 3704 hac
1515 3621 1789 3705 diametrorum
1816 3617 2066 3730 ioaequaiitas,

738 3733 778 3810 δι
818 3752 938 3834 parva
974 3723 1076 3833 plani
1111 3726 1332 3810 Orbirarum
1369 3731 1581 3815 Satellitum
1609 3731 1806 3814 inclinatio
1832 3727 1878 3810 ad
1908 3725 2064 3834 planum

705 3917 708 3924 ,
738 3835 884 3918 Orbita
912 3833 1022 3940 Jovis
1050 3835 1149 3918 circa
1176 3837 1345 3937 Solem,
1383 3841 1421 3922 in
1450 3836 1633 3924 causaest
1660 3867 1728 3923 cur
1754 3831 1950 3947 Eclipses,
1993 3859 2066 3918 tarn

739 3948 931 4028 Lanarum
998 3939 1086 4024 uim
1112 3943 1214 4027 Solis
1242 4005 1255 4042 ,
1306 3946 1455 4060 singulis
1490 3949 1796 4033 revolutionibus
1822 3946 2066 4038 continuant,

740 4054 830 4180 licet
874 4051 943 4162 Sol
969 3970 1099 4162 iunge
1137 4047 1160 4135 i
1197 4052 1327 4139 Nodis
1364 4057 1487 4139 distet.
1572 4061 1621 4142 Et
1658 4058 1815 4164 quidem
1854 4017 2065 4146 munires,

742 4160 834 4241 lrcet
862 4158 981 4243 Sole
1016 4159 1124 4268 Jove,
1148 4159 1247 4245 visus
1275 4167 1446 4248 omnium
1476 4169 1639 4249 maxime
1666 4165 1689 4252 d
1716 4169 1912 4250 Lunarum
1939 4159 2067 4246 Nodr's

684 4357 689 4366 .
740 4267 886 4364 distet,
929 4269 1137 4351 etiamnum
1174 4273 1213 4353 in
1251 4274 1361 4382 Jovis
1390 4276 1563 4358 umbram
1591 4277 1823 4373 incurrunt,
1865 4277 2068 4354 &eorum

741 4375 883 4460 umbi&
911 4377 1052 4483 J0vem
1079 4376 1235 4478 vicium
1257 4385 1474 4502 attingunts
1506 4381 1774 4471 remotiffumu·
1796 4409 1895 4471 vero
1923 4382 1962 4463 in
1989 4379 2069 4458 hoc

1826 4599 1831 4606 .
1961 4478 2069 4579 casu,
