4376 5694
195 611 239 688 a»
259 602 671 683 eroarrrnrca
703 554 1060 680 araneum.
1084 605 1183 682 ιι..
1209 607 1282 683 rr.
1366 627 1438 704 547

131 759 229 820 zsx
258 733 329 820 lint
362 735 493 818 circuli
510 732 548 813 in
567 729 672 810 dieto
690 727 965 843 Hemisphario
984 728 1225 830 illuminato,
1251 734 1289 815 in
1310 759 1326 816 s
1347 763 1441 846 pun·

128 855 191 932 dio
221 849 305 932 Soli
344 849 485 931 diredie
507 841 675 948 subjecto
700 838 736 925 se
759 871 896 927 mutuo
912 924 915 931 ,
932 839 1204 942 deculsantes,
1239 843 1440 958 repraesen-

128 987 214 1046 tant
238 961 354 1044 etiam
384 964 424 1042 δι
462 961 582 1050 redas
620 957 660 1037 in
694 953 813 1042 Disco
845 963 970 1040 Terrae
1001 959 1151 1042 circulis
1184 959 1259 1040 illis
1295 959 1442 1046 diredle

130 1072 342 1180 subjectas,
363 1074 401 1154 in
428 1097 524 1184 quas
552 1070 730 1153 nimirum
755 1069 845 1152 diui
866 1069 997 1152 circuli
1023 1072 1325 1182 orthographice
1349 1101 1441 1185 pro.

125 1190 308 1294 §iciuntur
333 1185 384 1270 ab
417 1185 548 1268 Oculo
571 1185 782 1267 constituto
803 1183 843 1264 in
865 1187 972 1267 rediae
996 1185 1098 1270 Solia
1124 1188 1165 1267 δι
1195 1192 1321 1270 Terrae
1351 1213 1441 1272 cen·

130 1326 189 1389 tra
213 1299 481 1410 conjungentis
500 1303 646 1410 pundo
665 1296 898 1407 longinquo.
924 1385 926 1392 Α
953 1391 956 1396 ,
1114 1293 1121 1304 ’

188 1417 300 1497 Patet
316 1411 542 1497 Penumbrae
573 1411 729 1494 lunaris
751 1436 886 1494 centro
914 1410 966 1494 ad
999 1434 1023 1492 a
1054 1435 1248 1524 pervento
1277 1403 1306 1520 (⁴
1321 1439 1441 1522 quan-

132 1527 188 1612 do
202 1554 344 1638 nempe
365 1525 528 1608 circulus
547 1518 822 1635 penumbrolus
847 1526 971 1637 tangit
990 1529 1122 1609 Terrae,
1132 1523 1291 1606 Discum
1315 1527 1355 1607 in
1377 1555 1401 1606 c
1422 1541 1440 1626 )

133 1640 271 1726 incolae
296 1638 346 1723 ad
375 1636 550 1748 cpostto
576 1631 740 1747 Eclipfin
772 1637 873 1720 Solis
899 1639 1098 1748 incipere:
1124 1639 1206 1746 Qai
1228 1665 1325 1722 vero
1346 1637 1394 1720 ad
1414 1663 1441 1720 o

120 1752 331 1850 consistit,
370 1778 440 1865 per
463 1748 754 1834 revolutionem
777 1757 903 1834 Terrae
925 1750 1100 1834 diurnam
1125 1747 1442 1861 Hemispharrium

132 1867 391 1952 illuminatum
414 1861 566 1975 ingredi
589 1861 745 1972 incipitr
768 1864 845 1946 hoe
859 1864 945 1960 est,
977 1863 1032 1944 illi
1049 1865 1118 1946 Sol
1142 1865 1291 1954 oritura
1311 1863 1443 1948 Tellu-

1457 799 1639 870 Taffllldl.

1481 879 1533 958 fig.
1558 897 1584 944 r.
1613 873 1616 888 '

133 1985 182 2066 ris
205 1981 329 2090 igitur
350 1977 488 2062 incola
524 1985 581 2074 ε’,
620 2003 738 2088 quem
761 1977 936 2061 omnium
967 1977 1251 2060 Terricolarum
1279 1981 1442 2060 Penum-
1502 2069 1506 2080 ,

133 2097 204 2178 bra
233 2093 397 2203 primum
421 2089 602 2199 attingit,
626 2090 694 2172 Sol
722 2093 856 2174 oriens
886 2090 1013 2198 primo
1046 2089 1213 2174 deficere
1245 2089 1442 2174 videbitur

134 2212 174 2293 in
194 2201 375 2318 supremo
392 2200 454 2288 seu
473 2201 704 2285 occidentali
725 2201 777 2286 lui
809 2205 992 2314 margine.
1016 2207 1121 2286 Cum
1136 2201 1256 2314 ipsum
1282 2207 1445 2287 Penum-
1548 2247 1554 2261 ·
1672 2230 1675 2239 ’

134 2323 213 2406 brae
230 2341 405 2406 centrum
427 2318 624 2402 Tellurem
651 2315 701 2397 ad
730 2339 751 2398 a
778 2317 959 2424 attingit,
984 2317 1113 2402 incola
1129 2317 1180 2402 ad
1210 2341 1231 2400 s
1252 2317 1446 2420 orientem

134 2435 269 2521 Solem
297 2431 519 2514 centraliter
548 2427 794 2512 deficientem
845 2424 987 2540 spedat
1013 2483 1026 2526 ‚
1054 2431 1200 2543 quippe
1220 2429 1446 2514 Penumbroe

137 2573 276 2634 centro
293 2540 493 2647 subjectus.
544 2544 625 2650 Qri
657 2549 839 2653 pundtum
862 2543 1025 2628 Telluris
1060 2541 1240 2641 habitat,
1278 2543 1346 2626 ubl
1376 2545 1446 2624 Pe·

137 2659 303 2748 numbra
336 2681 422 2742 tota
444 2657 544 2739 intra
577 2663 703 2740 Terrae
734 2655 891 2740 Discum
919 2682 1075 2766 recepta
1114 2656 1135 2748 l
1161 2659 1186 2740 li
1218 2655 1377 2770 quidem
1404 2651 1451 2736 id

137 2771 330 2880 accidat.)
354 2770 523 2856 eundem
548 2769 706 2854 interius
726 2771 879 2880 tangit,
905 2769 962 2850 illi
981 2767 1140 2880 'Eclipsrs
1156 2768 1332 2870 Solisad
1350 2789 1449 2850 mara

138 2891 270 3002 ginem
288 2883 459 2968 infimum
476 2883 606 2968 finitur
626 2881 665 2964 in
687 2887 816 2966 Ortus
836 2879 930 2966 ficut
952 2881 1008 2966 illi
1036 2885 1105 2995 qui
1124 2888 1304 2994 pundum
1322 2903 1447 2977 tenet,

139 3002 208 3087 ubi
240 3000 458 3083 Penumbra
476 2995 635 3082 interius
669 2992 829 3082 Discum
866 2995 1005 3079 ultimo
1038 2996 1193 3108 tangit,
1218 2997 1371 3101 jamjam
1398 3001 1460 3075 ex'

140 3140 253 3251 parte
279 3113 378 3246 ultra
407 3113 510 3245 lrunc
522 3108 841 3244 protendenda,
884 3107 1039 3222 Eclipsrs
1077 3111 1179 3194 Solis
1207 3108 1258 3194 ad
1284 3107 1451 3239 limbum

139 3216 1237 3456 llllllllplllllllllllll'ollllff
1274 3220 1376 3308 ‘¹⁹⁰⁸
1408 3246 1453 3304 ¹⁸

203 3459 313 3539 Cum
337 3451 468 3535 circuli
494 3447 738 3562 penumbrofi
755 3471 930 3534 centrum
950 3450 1000 3532 ad
1030 3477 1086 3534 zs
1106 3479 1132 3534 x
1156 3453 1297 3534 restam
1317 3451 1355 3532 in
1379 3445 1453 3530 Di·
1492 3429 1496 3444 ⁵

148 3565 212 3656 sco
241 3565 438 3679 Eclipticae
465 3563 712 3659 normalem,
739 3559 819 3646 five
847 3587 936 3650 eum
955 3563 1179 3650 Penumbrae
1195 3563 1353 3648 lunaris
1368 3561 1456 3646 axia

150 3685 202 3768 ad
237 3682 421 3766 circulum
447 3703 469 3760 z
493 3705 510 3758 s
536 3701 564 3758 x
602 3676 786 3789 pradidae
823 3681 931 3758 redae
963 3673 1260 3789 respondentem
1294 3735 1307 3774 ‚
1344 3677 1452 3777 cujus

153 3825 294 3908 nempe
318 3794 383 3884 illa
416 3793 469 3880 est
499 3792 735 3887 Diameter‚
783 3790 1004 3900 pervenerit
1026 3793 1067 3872 in
1086 3809 1121 3874 'u
1152 3823 1165 3882 r
1212 3789 1379 3875 Telluris
1397 3782 1459 3868 su«

154 3909 322 4024 perficiei
341 3910 554 4020 pundum2
593 3901 704 4014 quod
739 3907 883 4016 pu'ndlo
906 3929 935 3986 u
960 3905 1136 3987 exstantis
1167 3904 1301 3990 circuli
1332 3927 1354 3986 z
1381 3926 1400 3981 s
1424 3919 1456 3983 x

158 4021 351 4128 subjicitur
376 4055 406 4118 ,·
431 4017 597 4128 Eclipfin
630 4017 734 4099 Solis
769 4015 981 4099 centralem
1007 4018 1151 4129 patitur
1178 4075 1192 4116 ‚
1238 4024 1278 4100 δι
1301 4017 1456 4126 Specta-

157 4138 235 4220 tori
262 4133 311 4218 ad
341 4157 369 4216 Ν
398 4131 557 4216 aliudve
588 4129 797 4244 quodlibet
823 4129 954 4212 circuli
989 4155 1093 4212 zsx
1118 4134 1304 4244 pundium
1328 4125 1461 4240 posrto

157 4250 228 4334 Sol
249 4249 289 4330 in
313 4247 506 4355 Eclipricae
530 4249 676 4358 pundo
714 4239 824 4353 supra
851 4241 1108 4327 Horizontem
1139 4245 1316 4330 altillrmo
1350 4239 1460 4323 vide·

158 4391 233 4449 tur.
294 4363 398 4444 Cum
415 4362 515 4444 enim
539 4357 701 4443 circulus
738 4382 801 4439 zx
829 4382 896 4468 per
925 4357 1157 4468 Spediatoris
1186 4359 1324 4444 Zenith
1346 4346 1463 4440 trans·

161 4500 224 4562 eat
257 4503 306 4558 ex
338 4473 570 4584 hypothesi,
590 4471 662 4554 erit
686 4473 767 4575 ejus
784 4469 993 4553 Horizonti
1012 4472 1363 4583 perpendicularis:
1396 4463 1463 4550 sed

161 4598 200 4718 la
226 4589 420 4710 Eclipticae
452 4589 568 4674 etiam
596 4583 920 4700 perpendicularis
937 4585 990 4672 est
1015 4585 1065 4670 ad
1085 4613 1128 4676 ss
1146 4592 1186 4673 δι
1215 4588 1330 4700 igitur
1341 4599 1397 4778 ἓ
1394 4605 1463 4690 per

286 4722 290 4764 t
1147 4760 1153 4768 .
1394 4719 1465 4776 em.
