4336 5692
156 552 158 560 ‘
213 555 689 644 oceorre‘rnrca
724 561 1084 644 errarem.
1133 550 1303 646 amr).
1378 567 1448 662 ar,

146 691 269 810 pofiti
294 717 362 772 vn
389 693 529 774 triente
551 687 665 799 ipsius
696 716 726 774 ra
746 719 775 772 v
801 689 913 774 srver
942 721 1006 806 rc,
1033 685 1077 777 ut'
1101 692 1141 776 in
1162 697 1665 816 construdionepaefflmp.
1796 723 1800 730 ·

146 805 573 920 Prop.irx&xx1.'·
612 803 690 888 Sed
715 807 797 911 (ex
824 811 1068 917 Propxrar.
1093 809 1446 922 Lib.r.)graviraa
1487 825 1588 898 fir-2·
1671 805 1677 818 ’

147 919 395 1007 accelerarrix
417 915 547 1002 versus
567 920 702 1004 Sole'rn
724 919 762 1000 in
786 921 879 1003 ioco
902 947 926 1002 n
954 923 1007 1004 est
1022 921 1073 1004 ad
1093 927 1322 1032 gravitatem
1338 920 1459 1010 acce-'
1514 939 1526 954 '

145 1037 359 1120 ieratricem
388 1027 517 1116 versus
545 1032 714 1116 eundern
741 1032 781 1115 in
802 1035 940 1118 loco'c
968 1038 1061 1136 (vel
1077 1038 1134 1145 v)
1159 1039 1449 1150 utquadratum

144 1151 267 1236 absc
289 1147 503 1255 (velsv)
530 1145 581 1228 ad
598 1147 829 1260 quadratum
855 1149 983 1231 aban
1021 1181 1033 1230 a
1084 1151 1135 1234 Et
1164 1177 1207 1235 ut
1235 1157 1444 1264 gravitates

145 1263 438 1349 acceleratrices
479 1259 608 1344 verfirs
650 1263 783 1344 Solem
828 1263 867 1344 in
910 1263 1095 1348 distantiis
1136 1265 1292 1362 divetfis
1325 1327 1340 1367 ‚
1391 1270 1451 1355 ita.

145 1374 233 1462 sunt
271 1381 288 1476 (
316 1373 561 1459 manentibus
589 1373 699 1457 dieis
729 1373 920 1480 viribus)
959 1372 1078 1488 spatia
1105 1379 1248 1464 eodem
1273 1409 1448 1492 quocun·
1486 1373 1491 1386 ’

143 1519 226 1606 que
245 1483 425 1602 tempore
440 1486 620 1571 cadendo
638 1481 767 1572 versus
779 1487 1129 1600 Solempercursar·
1144 1496 1185 1574 δι
1202 1496 1318 1604 igitur
1340 1523 1461 1582 nova.
1571 1577 1573 1584 .

142 1613 217 1690 cd
253 1607 305 1688 est
338 1603 389 1686 ad
416 1603 584 1714 priorem
620 1627 695 1684 co
727 1627 771 1686 ut
812 1599 974 1715 spatium
1012 1604 1193 1688 cadendo
1230 1604 1448 1720 percursum
1491 1593 1497 1616 ⁵

139 1715 273 1805 versus
311 1717 447 1804 Solem
487 1774 500 1812 ,
561 1739 723 1829 urgente
773 1715 816 1798 vi
857 1718 1127 1802 accelerarrice
1174 1747 1260 1832 quae
1294 1721 1335 1804 in
1389 1724 1449 1806 lo-
1471 1735 1488 1756 “

139 1861 193 1920 co
226 1861 252 1916 n
297 1855 411 1946 urget
443 1890 463 1931 ,.
513 1826 654 1914 semisse
688 1829 874 1943 temporis
937 1859 1020 1941 quo
1059 1833 1233 1918 Cometa
1271 1831 1453 1922 describit
1499 1903 1502 1910 .

138 1972 275 2034 arcum
324 1948 425 2028 inter
480 1944 742 2055 longitudines
774 1973 853 2036 ra
895 1947 935 2026 δι
969 1970 1038 2024 vn
1068 1946 1355 2058 interceptum,
1395 1949 1449 2035 ad
1496 2019 1500 2030 .

136 2061 305 2177 spatium
322 2058 465 2146 eodem
487 2067 668 2172 tempore
695 2057 874 2142 cadendo
898 2053 1115 2174 percursum
1148 2058 1276 2146 versus
1290 2067 1449 2164 Solem,

139 2175 307 2289 urgente
340 2175 383 2258 vi
411 2173 679 2258 acceleratrice
717 2199 802 2281 quae
837 2171 876 2253 in
905 2171 999 2255 loco
1034 2199 1060 2256 c
1094 2199 1219 2286 urget.
1277 2179 1355 2262 Sed
1377 2180 1449 2262 hu·
1496 2167 1500 2178 ’

136 2292 200 2397 ius
231 2289 419 2400 analogiae
453 2283 735 2398 consequentes
769 2297 1225 2402 aquantur‚.“arquantur
1258 2293 1373 2404 igitur
1407 2297 1450 2377 δε

136 2405 451 2491 antecedentesa
489 2401 567 2486 hoc
602 2399 679 2494 est,
709 2401 867 2484 noviter
901 2400 1016 2484 duda
1058 2429 1132 2486 co
1162 2431 1192 2486 ae
1224 2431 1335 2489 natur
1368 2403 1449 2518 spe.

138 2519 202 2606 rio
238 2513 262 2600 ὲ
295 2544 416 2628 grave
443 2513 608 2600 cadente
638 2507 767 2597 versus
793 2514 925 2598 Solem
950 2513 1157 2625 percurso,
1194 2433 1453 2605 iemiffetem.

136 2631 255 2746 poris
292 2657 374 2743 quo
405 2629 578 2711 Cometa
608 2653 740 2711 arcum
770 2657 801 2709 a.
826 2654 851 2708 c
881 2653 902 2710 n
938 2629 978 2710 in
1018 2631 1204 2741 Eciiptica
1240 2629 1450 2732 describita

136 2770 307 2860 urgente
341 2743 533 2858 gravitate
563 2739 831 2825 acceleratrice
846 2798 861 2839 ,
902 2767 989 2852 quar
1021 2743 1063 2825 in
1104 2744 1280 2832 distantia
1325 2773 1384 2832 ει
1425 2745 1455 2834 d·

134 2857 242 2946 Sole
272 2858 450 2954 obtinet,
490 2854 734 2940 uniformiter
765 2851 1006 2939 continuati.
1065 2857 1153 2942 Sed
1187 2863 1300 2971 (per
1331 2867 1455 2974 prop.
1577 2923 1580 2930 .

97 3073 104 3085 ¹
134 2975 306 3085 xxi.)
341 2969 506 3086 spatium
541 2995 610 3084 per
640 2965 752 3081 quod
783 2995 927 3082 corpus·
956 2964 1086 3054 versus
1116 2970 1251 3056 Solem
1279 2973 1458 3076 decidua¹

130 3085 290 3175 femisse
334 3086 519 3196 temporis
570 3109 653 3194 quo
712 3083 885 3168 Cometa
928 3109 1059 3168 areum
1112 3112 1219 3172 nvn
1273 3085 1456 3176 describit:

131 3199 479 3314 (consideramus
520 3199 762 3281 enimsnunc
797 3223 950 3282 motum
989 3203 1168 3284 Cometa
1208 3225 1392 3314 tanquam
1412 3205 1458 3286 in

130 3317 345 3429 Eclipricae
374 3315 500 3427 plano
528 3309 699 3408 farrum,
734 3313 828 3396 loco
858 3313 1098 3412 rrajertoriae
1130 3315 1345 3398 Cometicae
1372 3317 1459 3420 ejus

129 3431 350 3540 vestigium
383 3429 423 3512 in
451 3426 571 3539 plano
606 3425 798 3535 Eclipticae
830 3424 1064 3528 intuentes)
1097 3454 1184 3508 curn
1219 3453 1375 3539 urgetur
1400 3429 1460 3512 ab

132 3545 391 3632 uniformiter
419 3538 645 3623 continuata
682 3540 871 3647 gravitate
912 3539 1180 3646 acceleratrice
1215 3538 1344 3625 versus
1383 3545 1460 3628 So·

131 3664 223 3746 lem
264 3685 350 3769 quae
396 3649 435 3737 in
464 3648 559 3736 loco'
598 3679 624 3732 L
655 3653 835 3749 obtinet,
871 3653 1021 3763 aquaie
1060 3655 1112 3737 est
1149 3682 1219 3736 vr
1254 3651 1462 3766 segmento

128 3777 258 3860 rediae
288 3797 353 3854 vs
390 3770 492 3850 inter
520 3765 708 3848 verticem
739 3792 768 3845 v
798 3769 838 3846 δι
877 3765 1064 3848 chordam
1103 3793 1176 3849 aa
1212 3769 1465 3882 interceptoa

127 3889 332 3996 adeoque
368 3879 663 3994 quamproxime
697 3879 844 3990 aequaie
878 3877 990 3988 ipfius
1022 3907 1088 3962 on
1124 3879 1323 3992 segmento
1370 3907 1465 3966 cu·

128 4009 254 4090 inter
284 4005 464 4108 punctum
485 4024 509 4076 o
532 3992 633 4104 (ipsr
649 4019 677 4074 v
693 3991 939 4104 proximum)
966 3993 1207 4078 &chordam
1224 4021 1275 4078 nn
1294 3997 1465 4082 interce·-

129 4145 237 4236 pto.
301 4111 424 4194 Unde
448 4109 633 4220 pundum
660 4131 687 4186 o
710 4105 763 4186 est
782 4107 821 4186 in
837 4103 985 4188 chorda
1006 4131 1070 4190 nn
1098 4112 1224 4190 multo
1242 4111 1466 4196 accuratius

129 4253 275 4346 quarn
302 4249 415 4308 antea
431 4254 448 4313 3·
466 4222 543 4306 hoc
560 4221 646 4316 est,
672 4218 818 4301 chorda
835 4215 944 4302 arcds
968 4279 982 4318 ,
1015 4222 1082 4330 qui
1115 4221 1168 4304 est
1191 4223 1393 4332 vestigium
1414 4227 1465 4310 im

129 4349 276 4460 plano
294 4337 487 4448 Eclipticae
512 4333 704 4446 portionis
727 4330 969 4436 Trajceroriae
1001 4335 1218 4420 Cometicae
1238 4337 1339 4420 inter
1356 4343 1477 4422 Loro·

129 4455 349 4571 gitudines
394 4479 421 4533 τ
442 4478 468 4532 a
495 4453 534 4530 δι
552 4469 573 4508 τ
599 4474 621 4528 n
649 4449 910 4558 interceptae,
954 4477 1022 4561 per
1057 4455 1286 4560 puniiumo
1315 4452 1466 4538 ultimo·

130 4569 458 4657 determinarunt
490 4561 785 4673 quamproxime
802 4557 958 4756 ganfit.
1001 4566 1124 4648 Porro
1179 4569 1299 4676 (per
1341 4567 1464 4675 Prop,

818 4715 820 4724 '
856 4699 885 4786 g
908 4695 931 4778 3
1118 4693 1123 4700 .
1299 4699 1465 4762 xviii·-
