4420 5692
181 609 185 616 ·
305 565 348 642 Φ
387 561 774 640 GEOMETRICAE
812 552 1258 641 ELEMENTA'Lm.
1300 563 1369 638 IV.
1452 579 1519 662 461

157 689 159 698 Α
226 705 386 787 trabium
420 700 599 786 ascendet
629 701 679 784 ad
710 701 926 786 distantiam
947 705 1157 806 majorem,
1188 703 1417 816 Orbemque
1444 700 1524 787 des-
1610 695 1616 704 ’
1685 687 1690 702 ’

225 816 350 900 cribet
373 816 478 919 cujus
498 818 774 900 Excentricitas
800 817 926 900 adhuc
952 819 1004 899 est
1023 820 1157 919 major.
1215 819 1396 900 Similiter
1415 844 1516 929 pror·
1539 791 1708 946 {rpem
1838 815 1840 818 ’

225 925 305 1025 sus,
331 926 519 1042 srcorpus
543 932 583 1012 in
607 925 784 1013 descensu
819 931 869 1014 ab
898 928 1041 1041 Apsrde
1067 925 1211 1014 summa
1236 957 1415 1043 urgeatur
1443 933 1489 1014 Vi
1505 980 1537 1028 ‚›
1563 1001 1564 1004 t

223 1071 309 1156 quae
343 1069 503 1152 augetur
530 1043 654 1128 minus
685 1073 802 1157 quant
830 1073 901 1155 pro
929 1042 1124 1154 duplicata
1151 1047 1302 1130 ratione
1337 1045 1518 1128 distantiae

224 1157 420 1240 diminuta
444 1187 456 1247 3
484 1183 591 1268 patet
617 1185 759 1268 corpus
787 1157 884 1240 illud
915 1155 1190 1268 descripturum
1221 1159 1368 1243 Orbem
1410 1158 1518 1242 Orbe

126 1272 129 1276 ’
223 1271 399 1383 elliptico
428 1273 530 1382 prius
563 1267 752 1382 descripto
785 1277 912 1371 (curn
943 1271 1014 1353 Vis
1043 1275 1351 1386 eratreciproce
1378 1295 1420 1353 ut
1448 1267 1519 1352 dis-

223 1386 351 1468 tantiae
381 1383 613 1497 quadratum
644 1385 658 1485 )
695 1385 927 1469 exteriorem
944 1441 958 1480 ,
1006 1403 1258 1498 preterquam
1290 1389 1329 1468 in
1372 1385 1518 1496 Apsrde
1577 1448 1587 1466 .

220 1491 365 1580 summa
389 1497 492 1580 unde
514 1495 715 1608 digressum
741 1499 828 1590 este
856 1499 933 1582 hoc
963 1499 1042 1593 est,
1076 1501 1201 1582 minus
1222 1500 1517 1586 Excentricumt

217 1613 260 1692 dt
289 1612 627 1695 Excentricitatem
654 1615 753 1695 hanc
787 1612 915 1694 adhuc
944 1611 1099 1707 minui,
1138 1611 1231 1696 fiin
1266 1613 1440 1722 corporis
1466 1606 1520 1693 as-

219 1720 332 1808 censu
364 1727 435 1807 Vis
464 1727 678 1838 centripeta
709 1721 903 1810 decrescit
929 1725 1081 1822 minus,
1122 1725 1201 1813 srve
1230 1728 1373 1812 tardius
1400 1752 1519 1840 quarn
1571 1785 1574 1794 -

217 1863 333 1924 antea
367 1861 554 1924 creverat·
604 1917 608 1932 ,
789 1908 793 1920 .
1226 1911 1232 1920 .
1351 1875 1354 1886 ·

272 1955 320 2036 In
341 1949 471 2062 figuris
499 1953 576 2054 jam
607 1947 735 2061 saepius
762 1949 948 2067 usurpatis
1009 1979 1150 2038 onatur
1184 1955 1344 2038 Satelles
1376 1979 1402 2034 r
1431 1981 1519 2065 pro·

214 2091 264 2177 pe
293 2062 579 2168 Quadraturam
609 2065 648 2146 in
668 2091 717 2162 e,
745 2065 891 2178 inquo
919 1981 1005 2150 cad
1030 2070 1101 2151 Vis
1124 2093 1168 2152 ut
1200 2093 1278 2154 un
1311 2065 1518 2166 evanescit,

209 2206 260 2270 ac,
286 2203 420 2290 praeter
446 2181 537 2262 Vim
568 2173 647 2289 qud
677 2181 880 2265 Primarius
904 2209 930 2262 τ
958 2181 1075 2265 trahit
1102 2183 1318 2266 Satellitem
1346 2205 1400 2278 t,
1432 2208 1519 2291 qua

214 2293 269 2376 est
302 2293 500 2403 reciproce
543 2317 586 2373 ut
629 2292 860 2401 quadratum
900 2293 1111 2392 distantia,
1165 2296 1328 2379 Satelles
1363 2321 1519 2404 urgetur

216 2408 267 2488 Vi
309 2431 352 2490 ut
403 2431 512 2502 an,
553 2431 638 2515 quae
672 2407 723 2490 est
761 2401 913 2516 ut'ipsa
941 2407 1117 2491 distantia
1148 2436 1218 2490 rr
1253 2408 1413 2492 deesse(
1469 2411 1518 2490 Et

216 2520 288 2602 Vis
319 2547 368 2602 ex
400 2514 500 2604 hisce
531 2521 698 2601 conflata
726 2520 831 2630 (per
857 2524 956 2612 Cor.
982 2525 1102 2630 Prop.·
1132 2547 1212 2604 vu.
1246 2529 1261 2623 )
1302 2522 1347 2602 in
1375 2515 1559 2609 recessu.

213 2629 239 2716 al
265 2657 400 2716 centro
435 2625 619 2720 decrescit
642 2635 767 2716 minus
803 2658 920 2744 quam
950 2661 1023 2744 pro
1048 2634 1243 2744 duplicata
1263 2635 1415 2717 ratione
1446 2627 1518 2714 dis

210 2749 341 2835 tantia
366 2749 512 2841 audie,
546 2749 585 2826 δι
612 2744 649 2824 in
684 2741 831 2828 accessu
866 2745 917 2829 ad
948 2744 1046 2830 illud
1079 2742 1212 2830 crescis
1240 2749 1367 2830 minus
1398 2773 1516 2860 quam

205 2887 284 2974 pto
315 2857 510 2969 duplicata
530 2856 680 2942 ratione
704 2858 886 2944 distantiae
916 2857 1072 2946 minuta
1092 2893 1110 2944 :¹
1127 2859 1245 2943 Adeo
1263 2867 1324 2942 'r're
1352 2887 1517 2970 corpusc

213 2972 340 3084 fiper
375 2974 563 3082 integram
591 2973 888 3056 revolutionem·
920 2971 969 3061 ab
1000 2973 1160 3058 hachi
1185 2889 1315 3057 versus
1341 2991 1530 3057 centrum·

212 3079 504 3197 impelleretur,
531 3084 681 3168 Orbem
700 3082 931 3170 describeret
958 3088 1083 3170 rrtinus
1112 3088 1381 3170 Excentricum
1399 3113 1517 3198 quarn

212 3199 241 3284 sr
274 3192 418 3290 abeffet
457 3200 524 3281 Vis
564 3198 641 3282 hec
671 3208 1074 3297 castramentati,
1109 3195 1269 3312 solique
1300 3200 1349 3282 Vi
1374 3197 1452 3313 qui
1488 3226 1516 3284 r·

213 3313 330 3404 trahit
364 3338 495 3423 cquae
521 3315 573 3398 est
600 3337 643 3396 ut
666 3313 848 3398 distantiae
872 3313 1106 3424 quadratum
1124 3311 1275 3399 inuerse
1293 3339 1526 3423 urgeretura,
1582 3339 1591 3354 ‘

141 3457 150 3466 ·
210 3433 252 3516 r&
278 3427 420 3538 igitur,
461 3427 500 3506 in
534 3425 790 3517 revolutionis
820 3451 929 3538 parte
964 3427 1032 3510 illa
1065 3427 1134 3510 nbi
1151 3427 1221 3514 ‚ab
1261 3427 1336 3510 hac
1362 3429 1516 3512 Viinu

209 3541 398 3654 pellitur,
447 3534 626 3620 describit
647 3563 800 3648 partem
834 3540 951 3630 Orbis
988 3541 1124 3626 minus·
1153 3540 1370 3633 Excentrici
1400 3560 1516 3653 quarn

211 3655 239 3740 st
267 3649 410 3738 abesset
434 3651 534 3736 dieta
562 3652 631 3733 Vis
663 3674 844 3738 extranea
866 3675 930 3734 -ut
961 3679 1052 3736 arr.
1497 3695 1502 3736 ι

268 3763 392 3872 Quod
427 3763 639 3848 eratelles
663 3765 702 3848 in
733 3766 907 3876 Syzygiis
941 3761 1114 3850 versetur
1145 3786 1200 3852 ut,
1214 3764 1251 3847 in
1282 3795 1318 3848 a
1355 3765 1428 3848 vel·
1456 3793 1516 3862 ta,
1717 3859 1720 3870 Ι

204 3883 257 3966 Vi
290 3903 334 3964 ut
371 3909 395 3962 r
432 3906 464 3960 u
507 3875 784 3975 evanescente,
828 3876 851 3960 a
892 3878 942 3966 Vi
970 3903 1061 3989 ,qua
1092 3907 1120 3966 τ
1152 3879 1270 3966 r‘raltit
1296 3903 1321 3962 r.
1352 3875 1520 3962 aufertur
1547 3865 1600 3912 ³

203 3997 276 4082 Vis
305 4017 348 4076 ut
376 4019 406 4075 u
430 4016 488 4082 u3
523 3991 600 4074 hoc
622 3993 713 4089 est,
746 3989 769 4076 ti
804 3992 852 4076 Vi
884 3991 1078 4101 quadrato
1099 3989 1297 4078 distantia
1323 3994 1521 4104 reciproce

197 4107 491 4224 proportionali
516 4103 683 4188 aufertur
714 4106 783 4188 Vis
811 4129 854 4190 ut
889 4102 966 4216 ipsa
997 4105 1170 4192 distantia
1186 4135 1196 4194 ς
1214 4106 1299 4194 -Vis
1329 4107 1445 4217 igitur
1471 4131 1522 4187 rc·

203 4225 316 4334 liqua
350 4217 428 4330 qua
457 4220 618 4302 Satelles
655 4248 682 4300 τ
728 4245 829 4303 nunc
863 4244 1019 4331 urgetur
1059 4226 1076 4323 (
1113 4245 1181 4332 pet
1217 4221 1360 4304 Corol.
1403 4222 1521 4332 Prop.

209 4333 331 4441 vu.)
357 4333 412 4428 in,
431 4327 576 4417 accessu
613 4332 663 4416 ad
692 4356 868 4414 centrum
899 4330 1038 4418 crescit·
1056 4335 1176 4443 magis
1214 4352 1344 4445 quam¹
1361 4362 1433 4446 pro
1466 4359 1523 4416 ra·

213 4449 326 4540 tione
362 4443 544 4552 distantiae
569 4445 798 4543 diminutae,
831 4450 871 4532 u
898 4447 938 4527 in
970 4443 1162 4536 recessui
1192 4470 1327 4535 centro
1356 4447 1523 4533 similiter
1562 4469 1568 4479 ·

211 4562 335 4672 magis
366 4555 551 4642 decrescit
588 4589 599 4648 r
641 4563 681 4642 δε
725 4582 907 4670 preterea
932 4576 949 4667 (
965 4589 1034 4675 per
1058 4556 1168 4673 supra
1192 4546 1385 4673 'ollrnsal
1417 4559 1525 4650 fisa·

320 4667 477 4784 Gpegori
512 4669 609 4782 Asta.
643 4667 742 4758 Tam.
773 4673 834 4760 11.
1118 4678 1150 4766 E
1326 4715 1330 4728 ·
1414 4672 1526 4758 telles
