4336 5692
704 532 776 628 ἐμ
926 512 1870 626 atrrouourzrnrsrca

774 663 813 747 Si
849 687 968 775 porro
1002 666 1103 746 recia
1136 685 1204 743 nc
1234 655 1431 742 dividatur
1455 655 1556 766 (·vel
1585 658 1695 758 artu,
1735 656 1803 738 vel
1839 681 1919 770 ope
1949 657 2020 740 cir&

536 741 795 900 Τὲζξχχκείῃί
817 776 1083 890 proportionis
1110 771 1304 854 Galileani
1330 773 1348 880 )
1376 771 1417 853 in
1443 794 1507 855 tot
1558 795 1659 854 artes
1685 769 1883 883 aequales,
1916 794 2017 882 quot

595 873 604 893 ⁴
643 873 652 896 ⁶
708 898 825 977 Horae
846 891 945 998 (vel
976 890 1092 973 etiam
1131 891 1249 972 Hora
1274 879 1474 996 scrupula,
1512 797 1555 968 ss
1571 879 1722 970 schema
1754 881 1799 968 stt
1828 880 1915 968 satis
1955 909 2016 968 ca-

708 1007 827 1120 pax)
861 998 992 1113 elapsae
1032 999 1119 1086 sunt
1154 1000 1256 1083 inter
1296 993 1620 1084 Observationem
1653 999 1816 1110 primam
1844 999 1885 1082 in
1916 1024 1945 1080 n
1975 1002 2014 1080 dc

680 1171 683 1178 ·
710 1120 860 1204 tertiam
894 1119 933 1198 in
969 1108 1017 1204 cr'
1036 1117 1108 1198 erit
1132 1115 1266 1196 harum
1314 1114 1452 1198 artium
1478 1115 1661 1227 qualibet
1682 1115 1862 1198 Cometae
1891 1137 2014 1223 tequa-

709 1233 841 1314 biliter
871 1231 969 1312 moti
1004 1231 1081 1312 Via
1113 1233 1232 1312 Horae
1284 1228 1391 1339 patio
1427 1229 1469 1308 in
1499 1254 1526 1308 Α
1553 1253 1581 1310 ο
1621 1220 1823 1336 percursa,
1865 1225 2011 1310 hamm-

707 1371 788 1458 que
820 1363 876 1440 24
910 1344 987 1425 Via
1017 1337 1139 1453 spatio
1166 1340 1258 1425 Diei
1289 1339 1504 1437 naturalis,
1538 1345 1579 1423 &
1607 1341 1656 1424 fic
1688 1368 1823 1455 porro.
1880 1343 2009 1424 Locus

708 1459 824 1569 igitur
847 1459 1026 1540 Cometa
1055 1456 1156 1538 inter
1189 1457 1329 1552 Pisas,
1362 1453 1414 1538 ad
1446 1451 1582 1538 datum
1614 1455 1787 1567 quodvis
1815 1459 2008 1566 Tempus,

708 1573 748 1653 in
784 1571 923 1655 Globo
961 1568 1263 1666 determinatur,
1296 1566 1324 1651 fi
1359 1591 1421 1651 tot
1457 1569 1720 1680 praedistaruni
1754 1567 1917 1681 partium
1954 1563 2008 1649 su·

707 1708 860 1767 manrur
887 1682 937 1768 ab
974 1714 1000 1766 a
1022 1677 1153 1767 versus
1188 1707 1217 1766 o
1253 1683 1293 1764 in
1327 1685 1430 1766 reeta
1465 1706 1570 1782 n0,
1602 1707 1705 1796 quot
1745 1687 1863 1767 Hora
1892 1683 2008 1763 inter·

709 1794 895 1882 terserunt
933 1796 1034 1882 inter
1066 1800 1236 1908 Tempus
1267 1796 1397 1908 primae
1436 1791 1729 1881 Observationis
1763 1801 1804 1880 δι
1838 1799 2005 1904 Tempus
2141 1787 2142 1852 Γ

705 1911 869 2008 datum,
915 1940 955 1990 v.
975 1940 1018 2020 g.
1053 1937 1081 1992 n
1104 1938 1162 2006 o.,
1206 1914 1247 1992 dc
1278 1912 1379 1994 tetta
1406 1936 1432 1991 τ
1460 1938 1503 2010 q
1539 1936 1716 1996 centrum
1744 1938 1778 1998 r
1814 1909 2004 2024 finemque

706 2049 740 2118 Q
783 2020 1018 2138 sumptarum
1068 2025 1247 2138 partium·
1271 2025 1430 2134 jungens
1482 2025 1720 2138 producatur
1779 2022 1915 2121 inv,
1961 2026 2003 2102 dt

703 2137 812 2221 arcui
856 2163 932 2220 nv
953 2139 1126 2248 aqualis
1168 2134 1191 2220 al
1228 2137 1352 2220 Globi
1386 2143 1531 2248 punslo
1569 2138 1681 2250 quod
1708 2136 1916 2248 respondet
1939 2132 2003 2246 ipfi

703 2276 735 2332 a
776 2250 816 2332 in
850 2255 1031 2334 Cometae
1071 2250 1190 2333 Viam
1229 2252 1411 2335 statuatur
1451 2281 1464 2340 r
1520 2252 1697 2336 ostendet
1740 2253 1851 2356 hujus
1888 2250 2002 2332 altera

701 2365 924 2448 extremitas
968 2366 1147 2448 Cometae
1196 2365 1345 2448 Locum
1384 2365 1486 2447 inte'r
1521 2367 1631 2449 Fixas
1664 2367 1769 2452 dieto
1818 2361 2001 2474 Tempori
2142 2381 2143 2474 p

702 2505 933 2586 congruum.
992 2479 1174 2562 Similiter
1208 2479 1259 2560 ad
1303 2477 1465 2589 fingulas
1515 2479 1661 2566 medias
1705 2481 1853 2563 Noctes
1901 2479 2001 2560 loca
2142 2479 2143 2554 ἶ

700 2591 880 2674 Cometa
915 2592 952 2674 in
994 2587 1192 2704 superficie
1231 2593 1355 2678 Globi
1387 2593 1648 2700 protrartione
1684 2586 2005 2706 defignabuntur:

607 2799 609 2807 Α
696 2703 821 2786 Unde
846 2705 1027 2791 Cometa
1051 2704 1278 2816 longitudo
1293 2763 1304 2800 ‚
1322 2705 1508 2792 Latimdo
1525 2763 1538 2802 ‚
1556 2707 1783 2820 reliquaque
1799 2706 1901 2816 (per
1916 2729 1995 2814 pra·

698 2845 767 2898 xes
781 2818 866 2900 Lib.
882 2845 932 2902 11.
952 2821 1173 2924 indicatas)
1198 2818 1377 2901 facillime
1391 2816 1633 2904 definientur.
1693 2827 1791 2932 Qtae
1810 2820 1848 2900 in
1861 2819 1995 2902 Globo

698 2929 806 3012 fasta'
832 2926 918 3014 sunt
948 2934 988 3014 in
1027 2926 1297 3042 Planisphaerio
1338 2933 1482 3043 quovis
1515 2935 1577 3017 cui
1610 2935 1709 3020 Fitae
1747 2929 2024 3017 inscribuntur»

699 3041 1005 3128 finiliterfient.
1098 3087 1103 3094 ·

725 3159 937 3244 .c0merae
972 3159 1049 3240 Via
1088 3159 1215 3270 primo
1249 3159 1444 3272 defignata
1479 3167 1664 3276 Locaque
1704 3160 1859 3247 diversis
1889 3163 1999 3246 Tem·
2143 3149 2144 3242 J

698 3268 860 3381 poribus
900 3295 1069 3382 congrua
1113 3302 1181 3384 per
1229 3273 1533 3360 Observationes
1579 3272 1851 3389 subsequentes
1887 3277 2000 3359 corri·
2143 3261 2144 3296 ¹

697 3409 864 3490 geritur:
908 3387 1053 3496 Neque
1088 3387 1189 3468 enim
1224 3387 1263 3470 in
1295 3390 1367 3473 hac
1408 3389 1515 3502 praxi
1557 3391 1762 3476 calculove
1800 3389 1879 3474 hoc
1918 3389 1999 3472 nul·

697 3497 757 3578 lus
794 3523 901 3581 error
943 3493 1216 3610 exspectandus
1259 3507 1326 3586 est.
1805 3495 1809 3502 ¹

1029 3691 1566 3780 P³ROPOSlTlO
1626 3697 1676 3776 X.

572 3865 576 3880 ’
691 3873 861 3984 Dernire
898 3873 1052 3986 Tempus
1067 3889 1069 3893 ’
1083 3861 1156 3990 quo
1190 3904 1310 3988 vapor
1345 3881 1364 3961 ὲ
1402 3878 1549 3986 Cometa
1584 3891 1708 3966 exiens
1746 3879 1923 3996 lCapire
1955 3886 2008 3968 ad

749 3985 876 4118 faudo
908 4015 1111 4072 extremum
1155 3992 1328 4101 astendit.

498 4209 552 4286 rig·
580 4207 610 4282 3:
833 4178 985 4293 Efignet
1009 4211 1027 4266 t
1050 4185 1220 4276 Solems
1256 4211 1322 4270 no
1368 4193 1607 4292 Trajcuoriae
1649 4191 1865 4276 Comerieae
1913 4217 2001 4302 por-

845 4293 1015 4391 tionem,
1047 4299 1193 4409 inqua
1224 4298 1269 4382 fit
1295 4329 1325 4384 n
1367 4307 1545 4392 Cometa
1578 4309 1753 4391 Nucleus
1785 4306 1836 4388 ab
1867 4331 1890 4388 n
1918 4333 1999 4386 ver-

692 4397 755 4482 sus
784 4427 806 4484 u
839 4433 999 4496 morusr
1027 4433 1052 4487 c
1082 4411 1229 4496 Caudae
1261 4440 1485 4502 extremum.
1545 4421 1729 4528 Cumque
1765 4445 1834 4529 per
1858 4419 1999 4504 Corol.

688 4533 733 4614 3.
776 4520 893 4628 Prop.
928 4547 994 4604 ιν.
1040 4524 1182 4610 Cauda
1215 4554 1243 4610 u
1271 4555 1341 4611 rc
1378 4534 1533 4619 nonsit
1566 4532 1589 4617 al
1617 4537 1709 4621 Sole
1727 4538 1868 4624 ,exacte
1895 4558 1999 4730 aper·

1945 4671 1993 4740 ²³
