4322 5686
79 605 83 614 .
227 536 1238 623 octourrrroeunumunurm.
1333 561 1403 637 ru
1521 653 1526 665 Ι
1646 507 1651 514 ’

84 672 229 765 Solem
255 669 419 786 respediu
460 674 625 758 Venetis
648 676 686 758 in
725 699 866 762 centro
887 673 1150 780 notescendo
1188 659 1270 762 aliis
1299 677 1411 761 iilum.

86 782 160 868 effe
196 785 294 870 infra
326 783 487 872 eundem
522 816 533 872 3
579 782 658 866 aiiis
694 783 783 868 deni
814 815 862 868 ue
905 787 1083 868 Mercurii
1122 809 1272 868 motum
1306 789 1405 888 cirea

85 894 217 978 Solem
245 923 314 978 ceu
344 917 514 976 centrum
544 891 710 975 ordinari
738 815 971 978 rodentibus.
1046 895 1276 978 Mercurium
1307 895 1404 978 verb

83 1004 216 1086 Solem
255 999 400 1086 ambire
435 999 590 1084 tandem
625 1001 811 1085 constabit
842 1061 859 1101 2
911 999 999 1084 cum
1038 997 1136 1086 vitus
1175 1001 1404 1085 adminicula

80 1108 252 1223 eousque
277 1133 579 1220 promoveantur
606 1167 619 1207 ,
665 1134 708 1192 ut
732 1109 886 1196 diverse
914 1111 1095 1222 Mercurii
1124 1105 1253 1218 phases
1280 1111 1403 1193 oculis

81 1215 335 1325 subjiciantur.
393 1222 511 1316 'Nam
540 1243 747 1332 antequam¹
773 1219 849 1303 hoc
876 1219 1099 1330 contingat,
1137 1215 1270 1302 licebit
1305 1213 1403 1319 (sai-

80 1330 140 1410 vis
168 1327 453 1423 Phaenomenis)
483 1323 651 1438 eousque
679 1328 716 1410 in
745 1327 986 1410 Planeterum
1014 1325 1194 1410 distantiis
1223 1327 1402 1410 aestiman-

78 1437 138 1520 dis
165 1464 315 1534 errare,
342 1459 386 1518 ut
415 1433 443 1518 [ι
466 1435 659 1518 Mercurio
689 1435 921 1519 concedatur
941 1435 1169 1544 Epicycius,
1198 1435 1302 1538 cujus
1322 1434 1402 1516 dia-

79 1569 204 1630 meter
232 1538 255 1627 ὲ
288 1547 441 1628 Venere
478 1539 557 1626 visa
590 1544 739 1646 circiter
765 1543 845 1628 duo
873 1542 975 1656 signa
993 1553 1088 1625 'cum
1117 1539 1277 1625 dimidio
1306 1541 1402 1626 adae-

78 1680 209 1787 quat,
251 1659 290 1736 ἃ
318 1653 427 1757 hujus
454 1676 625 1736 centrum
654 1657 761 1736 rediae
789 1651 919 1736 Solem
946 1655 1217 1764 Veneremque
1243 1653 1402 1764 jungen-

78 1789 145 1863 tr,
184 1763 338 1870 ,unave
363 1762 494 1844 Solem
524 1760 752 1871 produnt,
798 1759 1006 1871 alligetur,
1051 1760 1253 1868 Epicyclus
1280 1756 1401 1844 Defe-

76 1901 165 1958 rens
194 1869 259 1956 uel
288 1869 385 1954 ultra
412 1869 515 1952 Polis
543 1871 758 1968 orbitam,
800 1869 864 1950 vei
893 1893 1085 1979 utcunque
1114 1871 1207 1950 citra
1250 1866 1401 1968 (modo

75 2005 186 2068 extra
224 1979 424 2063 Purallaxis
461 1978 602 2061 diurne
642 1979 820 2074 limites,
865 1977 1046 2060 collocari
1072 1974 1193 2087 possrt.
1279 1975 1401 2165 Qppd

5 2097 9 2172 ζ
75 2090 205 2200 palam
234 2087 286 2168 est
313 2085 471 2184 exinde,
485 2141 486 2144 κ
499 2085 609 2196 quod
635 2083 862 2170 Deferentes
889 2085 1090 2194 Epicyclos
1118 2085 1298 2168 Mercurii
1360 2112 1400 2166 e-

74 2191 254 2307 nerisque
292 2195 331 2276 in
371 2195 580 2302 Systemate
605 2199 732 2276 Tetrae
754 2197 921 2277 immotae
964 2186 1105 2292 (salvis
1138 2193 1400 2277 Phaenomenis

73 2332 169 2390 tunc
207 2300 434 2401 manifestis)
471 2303 649 2385 coilocati
688 2295 770 2383 sunt
806 2300 921 2414 longe
949 2299 1042 2384 citra
1069 2301 1198 2384 Solem
1225 2299 1248 2384 ὲ
1275 2301 1400 2382 Prole-

72 2420 154 2495 maer‘
183 2406 463 2509 senatoribus,
502 2410 745 2496 Astronomis
773 2405 852 2493 fere
881 2408 930 2491 ad
958 2438 1073 2493 unum
1102 2408 1314 2499 omnibus;
1356 2409 1399 2490 ii-

72 2546 137 2604 cet
167 2548 284 2604 nemo
312 2516 355 2601 srt
382 2522 448 2629 qui
475 2547 575 2604 nunc
603 2519 777 2604 Planetas
804 2511 917 2602 hosce
945 2519 1074 2602 Solem
1100 2521 1295 2602 circumire
1309 2542 1398 2628 ,non

73 2629 179 2716 ultro
209 2622 399 2742 agnoscat.

126 2845 427 2938 Determinatis.
453 2841 566 2932 semel
611 2845 772 2931 Orbium
817 2845 1117 2932 Planetariorum
1156 2845 1335 2932 distantiis
1373 2843 1398 2930 d

70 2960 208 3054 Sole,
252 2957 290 3038 in
330 2959 537 3065 Systemate
574 2985 671 3041 vero
699 2958 859 3040 Veneris
888 2957 986 3040 circa
1012 2957 1140 3040 Solem
1169 2983 1284 3040 motae
1318 3015 1330 3052 ‚
1371 2951 1397 3035 ii

72 3067 189 3150 alteri
235 3061 470 3148 Astronomo
508 3066 752 3148 constitutum
789 3062 834 3147 stt
861 3069 1054 3146 Venerem
1084 3060 1213 3162 (suam
1241 3060 1407 3158 sedem).

60 3177 113 3264 ‚in
144 3169 287 3253 Mundi
323 3197 490 3256 centrum
521 3176 773 3284 reponere&
803 3199 874 3282 pro
900 3174 1063 3254 immota
1083 3171 1260 3269 habere,
1301 3169 1397 3275 illud

73 3284 181 3377 rite,
234 3285 274 3362 &
311 3277 514 3363 secundum
550 3281 696 3392 Opticae
733 3279 870 3390 leges,
916 3277 1067 3363 duobus
1093 3279 1234 3360 modis·
1249 3277 1397 3363 efficere

72 3388 232 3499 poterit.
288 3387 481 3486 ·Prim0,
523 3392 675 3471 Venere
714 3388 753 3468 in
795 3411 966 3470 centrum
1004 3385 1222 3496 promoti,
1265 3387 1394 3470 Solem

74 3493 260 3608 {imulque
297 3495 472 3580 Planetas
498 3522 649 3604 'omnes
688 3497 729 3576 dc
767 3522 902 3578 eorum
941 3493 1132 3594 Orbitas,
1173 3521 1268 3602 quas
1297 3497 1394 3586 circa

73 3604 207 3688 Solem
243 3599 457 3712 describunt
488 3663 501 3702 ,
551 3597 678 3686 versus
706 3602 867 3688 candem
894 3604 1110 3715 plagamin
1141 3605 1247 3686 retiis
1276 3603 1395 3711 parri-

76 3711 160 3793 ielis
188 3710 413 3795 tantundem
441 3710 689 3809 promovebit
711 3741 722 3800 r
763 3716 803 3794 δε
830 3708 898 3794 fiet
925 3711 1025 3822 apud
1053 3715 1245 3794 Venerem
1274 3711 1396 3818 Syste-

71 3845 138 3902 ma
185 3816 320 3902 Mundi
357 3815 640 3929 dichorium,
694 3821 734 3902 in
772 3846 854 3926 quo
882 3848 1019 3929 nempe
1047 3819 1116 3904 Sol
1143 3819 1240 3902 circa
1265 3816 1396 3901 Vene-

73 3955 158 4010 rem
201 3922 365 4014 defertur
400 3927 440 4010 in
475 3927 613 4010 Orbita
640 3927 817 4040 equali,
859 3925 964 4012 simili
992 3933 1032 4012 &
1060 3930 1247 4038 contrarie
1275 3922 1395 4034 pofita

74 4037 110 4116 ei
148 4035 190 4114 in
226 4060 302 4144 qua
326 4037 458 4120 Venus
487 4037 592 4118 circa·
612 4034 743 4138 Solem
770 4063 904 4128 revera
932 4063 1151 4133 movetur,
1194 4042 1233 4118 δι
1261 4034 1395 4118 Plane-

77 4168 128 4222 tce
169 4143 313 4224 omnes‘
345 4169 553 4246 eorumque
591 4137 777 4228 Satellites
818 4147 1092 4256 (praeterquam
1120 4136 1228 4253 qdod
1255 4139 1278 4228 d
1305 4143 1395 4236 Sole

74 4246 298 4332 deferantur
337 4251 433 4332 circa
472 4249 697 4345 Venerem)
740 4246 894 4337 eosdem
938 4254 1048 4351 circa¹
1073 4234 1211 4340 Solem*
1234 4277 1396 4378 ,perage-

74 4357 209 4456 bant,
257 4356 424 4440 Primarii
452 4355 607 4472 quidem
635 4353 738 4474 quast
766 4356 1054 4552 inNEpicyclis,
1093 4356 1269 4488 Sateilius
1298 4383 1397 4484 vero

850 4491 925 4572 n3
1098 4499 1109 4518 ·
1357 4491 1397 4552 m
