4376 5694
266 593 314 674 ἀρ·
350 588 739 671 GEOMETRICAE
776 590 1221 720 ELEMENTARer.
1263 603 1334 681 IV.
1419 629 1487 704 559

230 729 272 818 Si
301 735 435 820 Motus
456 738 572 823 Luna
596 730 696 826 visus
719 735 918 847 aequabilis
949 734 1053 819 foret
1068 796 1084 835 ,
1100 737 1237 851 aquali
1254 766 1361 851 opus¹
1387 740 1661 828 essetraefflffl·

108 895 110 901 ·
169 847 405 958 temporeai
447 871 653 933 momento
697 846 988 935 obscurationis
1028 853 1202 936 maximae
1232 853 1282 935 ad
1319 854 1477 963 Eclipfir
1515 829 1605 909 ἥθ’·

161 963 304 1046 :Finem
320 1018 336 1060 ,
366 989 449 1074 quo
480 962 530 1048 ab
554 961 678 1045 'Initio
720 962 772 1047 ad
801 960 945 1047 dierum
973 988 1250 1063 momentum,
1287 969 1477 1078 quoniam

169 1100 242 1160 stt>
268 1075 367 1158 recia
394 1076 550 1188 aqualis
576 1075 632 1162 esi
654 1102 745 1173 aar,
786 1074 910 1187 positi
938 1075 1045 1161 Luni
1071 1102 1134 1161 nt
1172 1079 1305 1163 Solem
1331 1104 1398 1163 nn
1432 1082 1471 1165 in

157 1188 321 1299 Eclipfis
337 1190 429 1272 Fine
456 1189 591 1273 contin
618 1216 720 1278 erer
761 1193 801 1273 &
827 1184 1059 1273 obscuratio
1084 1191 1251 1275 maxima
1273 1194 1471 1278 coincide-

158 1326 227 1386 tet
249 1329 337 1386 cum
362 1301 500 1415 Eclipfi
521 1216 679 1398 mesia,
720 1327 763 1386 ut
780 1304 820 1387 in
852 1305 968 1387 Luna
1002 1301 1137 1413 Eclipfi
1163 1304 1240 1401 fit,
1274 1305 1341 1390 ubi
1366 1308 1472 1394 nulla

156 1416 222 1500 vest
250 1416 456 1500 Patallaxis
472 1419 588 1501 Lunae
605 1413 655 1499 ab
672 1414 828 1500 Umbra
856 1417 1060 1506 Terrestris
1100 1411 1185 1500 sunt
1209 1418 1318 1501 enim
1346 1423 1473 1502 conti.

218 1555 261 1610 a.
302 1532 449 1613 Verum
474 1530 663 1641 quoniam
690 1522 797 1613 secus
814 1529 886 1626 fit,
930 1554 976 1612 ut
1000 1530 1041 1611 in
1078 1533 1193 1639 Prop.
1221 1556 1331 1639 ptac.
1352 1535 1474 1616 osten·

163 1554 265 1730 suumr
293 1643 344 1728 ad
373 1641 652 1729 inveniendum
677 1647 848 1754 Tempus
869 1643 1031 1756 quando
1055 1640 1213 1753 Eclipsrs
1239 1640 1371 1727 sinitur
1385 1703 1399 1744 ,
1432 1646 1474 1730 st.

158 1756 275 1844 miles
303 1753 425 1846 rursus
445 1755 698 1869 operationes
718 1755 939 1868 repetendae
957 1779 1094 1850 erunt,
1126 1758 1337 1867 querendo
1352 1786 1473 1870 quan.

164 1891 245 1955 tam
278 1870 364 1954 Viae
386 1864 462 1954 xsurr
499 1871 723 1980 portionem
747 1871 857 1955 Luna
889 1867 1051 1955 conficit
1082 1867 1124 1950 in
1161 1863 1350 1982 assirmpto
1387 1875 1473 1984 post
1592 1959 1593 1964 a
1682 1974 1685 1982 Δ

154 1982 370 2066 maximam
402 1978 726 2068 Obscurationem
755 1995 966 2095 tempore,
1009 1985 1051 2064 &
1079 2008 1148 2090 per
1175 1983 1395 2094 analogiam
1420 1986 1470 2069 in·

161 2095 388 2209 vestigando
414 2121 604 2207 quantum
621 2097 808 2206 temporis
833 2095 1049 2207 requiratur
1073 2115 1116 2178 ut
1138 2120 1248 2180 arcus
1273 2121 1339 2180 tn
1367 2099 1470 2210 (ipsi

156 2233 189 2294 a
204 2237 236 2291 n
267 2201 388 2320 prius'
407 2208 572 2293 invento
594 2210 794 2320 aqualis)
834 2209 954 2293 Motu
979 2203 1063 2290 niso
1096 2207 1211 2292 Lunae
1237 2204 1260 2294 i
1284 2210 1379 2294 Sole
1404 2241 1471 2325 pe.

160 2346 346 2432 tagretur.
397 2324 489 2404 Hoc
515 2325 617 2407 enim
645 2320 821 2407 additum
844 2345 1051 2406 momento
1072 2315 1365 2408 obscurationis
1391 2353 1470 2412 ma·

149 2435 272 2520 ‚ximae
291 2430 400 2547 supra
432 2434 595 2518 invento
625 2435 735 2520 dabit
746 2452 1001 2520 ¹“momentum
1029 2434 1133 2516 Finis
1151 2433 1307 2546 Eclipsts
1323 2437 1469 2524 Solaria

151 2545 201 2630 in
232 2547 342 2632 Loco
378 2547 580 2659 propofito
612 2543 734 2632 visa:
767 2547 946 2660 Cognito
975 2571 1106 2632 autem
1143 2552 1339 2659 Tempore
1365 2550 1468 2638 Initii

151 2662 202 2744 Bt
228 2661 358 2760 Finis,
397 2684 495 2745 nota
514 2659 582 2744 fiet
606 2663 774 2746 Duratio
792 2661 954 2772 integra.
977 2662 1096 2769 Qe.
1107 2661 1153 2742 R

602 2829 1017 2920 sonantum

210 3003 325 3089 *Dum
350 2997 515 3087 maxima
549 2997 816 3109 pradiciorum
858 2995 1137 3110 triangulomm
1174 3025 1263 3109 pars
1288 3028 1358 3113 pet
1388 3000 1467 3086 Tri·

148 3116 445 3230 gonometriam
480 3107 713 3211 resolvitur,
743 3137 930 3222 poterunt
952 3110 1018 3193 isla
1045 3139 1117 3222 pto
1150 3110 1273 3223 planis
1303 3113 1464 3198 haberi:

152 3235 325 3340 'Propter
339 3229 574 3340 parvitatem
600 3230 702 3309 enim
734 3227 898 3308 laterum
932 3220 1117 3334 sphaericae
1152 3220 1360 3335 superficiei
1380 3254 1466 3338 por·

158 3343 219 3430 tio
244 3343 295 3428 ab
326 3341 402 3425 iliis
437 3361 634 3445 occupata·
659 3337 682 3423 i
709 3339 828 3451 plano
854 3337 922 3420 vix
958 3334 1089 3420 differt
1118 3393 1133 3434 ,
1174 3363 1218 3421 ut
1246 3337 1285 3420 in
1310 3334 1395 3421 casu
1422 3338 1465 3422 st·

157 3456 241 3538 mili
271 3449 438 3566 superius
466 3452 523 3536 est
552 3450 696 3536 dicium
722 3450 773 3534 ad
807 3454 923 3559 Prop.
957 3474 1181 3533 xxxvttt.
1216 3448 1274 3533 At
1304 3477 1352 3534 ue
1385 3449 1464 3535 hoc

158 3566 437 3700 compendium
462 3561 578 3697 haud·
602 3561 932 3697 contemnentium
957 3561 1066 3646 affert
1087 3563 1125 3645 in
1160 3480 1463 3696 EclipsrumOSo·

157 3681 428 3992 iaiffuiii'ffi
454 3677 748 3905 sisinii&
768 3677 1465 3917 fossatensiobsto

149 3930 253 3995 arten
308 3933 396 3992 me
431 3967 440 3988 .

498 4072 1092 4159 Conottnntum

217 4246 354 4357 Atque
377 4244 467 4332 hinc
500 4239 645 4332 solaris
670 4237 858 4351 Eclipsts,
885 4232 1054 4350 respectu
1079 4237 1161 4323 dati
1184 4238 1302 4336 Loci,
1334 4239 1468 4353 typus

150 4360 235 4450 five
259 4359 421 4444 Schema
444 4354 625 4469 graphice
641 4354 899 4464 protrahetur.
941 4352 1047 4436 Cum
1075 4352 1179 4437 enim
1202 4353 1353 4438 tantilla
1372 4356 1471 4436 Coe-

154 4479 185 4560 ii
207 4500 292 4588 pars
322 4472 457 4562 Solem
483 4475 521 4564 δι
547 4469 652 4556 hunc
674 4468 725 4559 ab
749 4493 919 4580 utroque
943 4465 1074 4554 latere¹
1097 4465 1140 4548 in
1168 4465 1287 4551 Initio
1318 4469 1471 4550 &Fine

117 4586 310 4702 AEciipfis
343 4585 637 4696 contingentem
674 4583 822 4669 Lunam
863 4578 1204 4783 ppmptehendcns
1244 4607 1319 4695 pro
1336 4580 1474 4777 hpalpenpi
