4336 5692
213 599 289 712 -d
335 617 726 708 orontrrrcae
767 619 1104 709 arrarum.
1142 629 1230 706 ιιι.
1259 630 1330 713 rr.
1400 579 1476 720 nr
1622 714 1625 722 .

156 764 251 856 erasi
276 766 422 856 inimici
446 765 553 853 forte
581 793 721 861 eruntr
753 795 838 884 quo
860 775 973 884 pado
1004 801 1090 887 quae
1111 771 1289 858 omnium
1317 767 1468 861 seculo·

155 907 244 968 rum
274 877 454 995 suffragio
484 885 527 966 dc
555 885 752 968 communi
777 883 963 973 consensu
995 882 1182 1000 consequi
1215 882 1471 974 observantur

160 998 423 1088 cometarum
448 998 731 1108 apparitionem
759 1001 959 1116 (queque
980 1000 1106 1086 statim
1133 1025 1208 1114 pro
1238 997 1339 1084 falsis
1355 1007 1396 1088 δι
1421 1003 1470 1086 ri.

45 1215 50 1226 Ι
157 1107 303 1196 diculir
325 1107 473 1202 habere
495 1107 771 1226 Philosophus,
784 1112 944 1204 minime
975 1115 1126 1223 decet)
1151 1115 1467 1231 coutmgerepo-

159 1243 308 1327 ΨΜ.

474 1395 1063 1486 Conouurntun
1122 1417 1163 1502 p

219 1563 362 1654 Cauda
387 1563 411 1650 i
437 1566 608 1653 Cometa
641 1561 798 1678 eiusque
827 1559 1095 1677 Atmosplraera
1124 1539 1290 1678 jugum
1311 1566 1472 1680 vaporis

158 1679 310 1780 instar,
351 1678 392 1764 in
418 1679 541 1766 altum
573 1676 805 1792 assurgens,
844 1679 923 1764 hoc
948 1679 1034 1778 esi,
1073 1683 1114 1762 in
1154 1704 1283 1792 parter
1314 1678 1339 1764 d
1376 1680 1471 1764 Sole

158 1788 314 1880 aversas
328 1850 344 1894 ,
385 1793 423 1876 in
450 1796 573 1928 plano
597 1795 718 1878 Orbis
743 1794 927 1878 Cometae
961 1792 1135 1906 (nempe
1156 1819 1225 1904 per
1235 1793 1370 1878 Solem
1388 1795 1472 1877 Co·
1512 1801 1518 1812 '
1623 1849 1627 1856 -

162 1931 352 2019 mctaeque
369 1900 542 1991 semitam
560 1906 769 2017 tradudio)
793 1903 968 1990 manebit
992 1935 1002 1984 ε
1038 1905 1187 2017 quippe
1208 1905 1314 1988 nulla
1336 1907 1391 1990 esi
1411 1932 1474 1989 ra·

164 2022 222 2105 tio
248 2046 316 2107 cur
348 2021 391 2104 in
413 2021 574 2105 AEthere
593 2023 731 2137 quieto
752 2016 804 2107 ad
844 2017 944 2104 hanc
966 2016 1100 2131 potius
1137 2043 1255 2131 quam
1286 2019 1339 2102 ad
1363 2018 1472 2103 illam

162 2156 319 2246 partem
339 2130 583 2220 deturbetur.
1195 2173 1200 2180 ·
1423 2237 1428 2244 ἱ

219 2247 376 2347 Porro,
404 2273 493 2333 cum
515 2244 694 2361 vapori
724 2247 870 2363 Capite
905 2242 1043 2331 exiens
1074 2244 1177 2334 duor
1215 2269 1350 2333 motus
1377 2270 1475 2331 con·-

161 2361 297 2472 jungnt
328 2365 370 2445 dc
391 2361 525 2475 possea
548 2361 754 2449 continuet
782 2419 799 2462 ,
834 2347 1009 2447 alterum
1022 2353 1194 2447 ascensis
1218 2362 1310 2446 redii
1335 2358 1469 2446 dSole
1617 2400 1619 2406 ·

161 2501 248 2558 non
284 2472 538 2588 longinquo,
563 2477 726 2562 alterum
757 2470 974 2591 proeresius
1007 2475 1199 2587 Capitisr
1239 2472 1308 2559 fiet
1322 2474 1468 2559 Cruda

162 2611 248 2672 non
275 2583 422 2674 dlredte
445 2586 470 2671 i
495 2589 589 2676 Sole
621 2582 792 2688 aversa,
829 2542 895 2673 sed
919 2587 1203 2701 aliquantulum
1233 2586 1325 2672 inde
1349 2586 1468 2672 decli·

160 2725 262 2786 nans
289 2699 342 2785 ad
370 2724 499 2814 partes
535 2700 560 2787 i
599 2704 775 2789 Cometa
817 2701 1004 2790 felinas,-
1059 2701 1183 2786 immo
1208 2698 1352 2787 Cruda
1382 2724 1466 2785 non

159 2816 237 2901 erit
265 2814 367 2901 redla
391 2808 456 2900 sed
489 2814 729 2912 incurvata,
769 2810 900 2902 versus
933 2836 1082 2927 partem
1107 2813 1341 2900 anteriorem
1374 2837 1468 2900 con·

163 2935 294 3029 vexa,
319 2922 447 3013 versus
468 2929 631 3018 alteram
653 2954 763 3016 cava.
787 2985 790 2992 .
821 2929 872 3015 Et
899 2927 992 3014 licet
1016 2952 1143 3041 vapor
1163 2923 1356 3041 assurgens
1382 2954 1467 3012 mo·

162 3061 249 3126 nrm
272 3042 426 3173 Capitis
460 3045 697 3156 participet,
732 3066 862 3130 tamen
888 3064 1049 3156 propter
1079 3041 1289 3156 aliqualem
1315 3043 1466 3128 etheris

164 3151 410 3241 resistentiam
438 3183 519 3240 non
555 3180 635 3242 tam
670 3155 865 3242 velociter
893 3154 1163 3269 progredietur
1193 3180 1313 3268 atque
1344 3150 1470 3268 ipsunt

161 3269 315 3382 Caput.
374 3265 510 3382 Atque
535 3297 618 3382 quo
652 3271 767 3356 altius
791 3267 945 3383 assurgit
982 3294 1110 3383 vapor
1130 3268 1312 3354 Caudam
1334 3271 1467 3354 consti·

165 3407 279 3468 tuens
303 3376 477 3496 indeque
497 3385 619 3469 rarior
641 3383 714 3482 fir,
741 3385 819 3467 hoc
838 3383 920 3482 est,
947 3411 1031 3497 quo
1061 3381 1217 3494 longior
1236 3384 1292 3466 esl
1310 3381 1467 3482 Cruda,

167 3525 220 3584 eo
252 3497 441 3602 majorem
460 3497 633 3609 patietur
663 3496 814 3586 retheris
850 3494 1128 3586 resistentiamr
1177 3492 1282 3580 unde
1316 3493 1468 3581 Condat
1507 3589 1508 3594 Ν

168 3608 390 3726 precedens
406 3609 537 3710 latus,
560 3609 641 3694 five
657 3603 786 3696 versus
805 3630 933 3721 partes
955 3610 1007 3695 ad
1017 3624 1113 3725 quas
1139 3609 1312 3693 Cometa
1323 3609 1468 3710 tendit,

167 3749 390 3812 convexum
413 3726 519 3822 erit.
545 3715 709 3836 sequent
744 3749 844 3808 vero
878 3746 1060 3813 cavum,
1103 3717 1261 3835 ipsaque
1300 3721 1468 3835 proinde

167 3835 349 3924 Comere
369 3836 513 3926 Cauda
538 3839 625 3924 non
652 3835 776 3924 criti
820 3836 915 3922 Sole
941 3832 1091 3950 praecise
1121 3832 1297 3933 aversa,
1346 3837 1468 3923 immo

169 3977 245 4039 nec
275 3949 417 4040 directa
448 3947 514 4037 sed
546 3952 760 4036 incurvata.
818 3951 870 4034 Et
893 3950 974 4035 haec
1007 3946 1154 4034 &Solis
1186 3946 1373 4063 opposito
1402 3948 1469 4034 de·

169 4062 293 4150 viatio
324 4070 366 4150 dc
400 4083 605 4152 curvatura
632 4087 745 4150 tanto
773 4063 902 4148 minor
936 4062 991 4148 est
1023 4085 1175 4174 quanto
1201 4066 1304 4146 reela
1331 4064 1468 4149 Solent

169 4182 212 4264 dt
239 4177 453 4266 Cometam
484 4181 725 4290 conjungens
747 4174 949 4290 obliquior
988 4175 1120 4260 estad
1148 4175 1329 4261 Cometae
1360 4171 1468 4260 semi·

170 4317 287 4408 tam,:
332 4294 440 4380 Nam
466 4291 494 4380 st
517 4295 692 4379 Cometa
723 4291 867 4376 direlie
892 4287 1028 4375 iSole
1057 4288 1121 4373 vel
1150 4288 1202 4373 ad
1233 4289 1368 4376 Solem
1385 4314 1469 4376 ten·

169 4405 312 4504 deret,
351 4405 492 4493 Caudi
514 4404 617 4491 soret
639 4402 662 4489 i
687 4401 781 4490 Sole
810 4400 953 4489 directe
987 4399 1119 4491 aversa
1145 4405 1186 4484 dc
1215 4395 1295 4516 ipsa
1324 4407 1469 4495 resla3

171 4519 278 4609 unde
307 4515 455 4633 inipso
481 4519 674 4605 Perihelio
710 4516 853 4606 Cauda
885 4515 1051 4603 maxime
1077 4515 1128 4600 ab
1158 4515 1341 4629 oppofico
1365 4515 1469 4600 Solis
1541 4559 1545 4566 ·

172 4633 372 4734 deludit,
395 4636 562 4724 maxime
578 4631 697 4721 etiam
722 4631 977 4731 incurvatur,
1019 4654 1108 4714 cum
1128 4633 1232 4717 reda
1265 4627 1401 4716 Solem
1415 4633 1469 4712 ‘dt

230 4745 391 4868 firgus
417 4747 517 4864 Astr,
541 4740 643 4860 Yam.
660 4744 691 4829 I
694 4742 732 4855 ζ-
1038 4744 1070 4828 Β
1088 4739 1117 4827 b
1322 4739 1470 4832 Come.
