4376 5694
716 571 786 660 mr
874 583 877 590 ·
951 554 1861 637 arraontornartrtrrcu

711 691 891 779 maximae
916 691 999 802 (in
1031 684 1170 779 Limite
1197 693 1377 806 nempe)
1412 693 1631 806 quantitate
1664 691 1788 804 magis
1826 686 1970 776 adhue
1989 689 2030 774 itr

715 811 884 893 floream
919 831 986 894 aut
1027 811 1209 894 Austrum
1243 809 1429 892 declinat.

776 927 869 1005 llaec
913 925 1044 1006 omnia
1077 920 1199 1007 itale
1231 922 1449 1021 haberent,
1487 919 1680 1032 figlobus
1715 917 1890 1010 Telluris,
1913 915 2027 1000 undi-

718 1065 797 1148 que
827 1034 928 1146 aqui
956 1031 1042 1122 latis
1081 1032 1275 1148 profundi
1304 1063 1484 1149 tegatur:
1527 1039 1677 1120 Verum
1717 1059 1879 1229 propter
1922 1025 2028 1116 Inlu-

715 1151 774 1233 las
805 1173 883 1232 tam
918 1155 1228 1264 majores·quam
1260 1153 1430 1238 minores
1455 1151 1600 1234 AEstum
1639 1148 1720 1230 inhi
1750 1170 1880 1243 entes,
1905 1167 2027 1256 arque

588 1301 597 1316 =
716 1257 819 1358 hisce
850 1263 1078 1348 intermedia
1108 1271 1246 1362 Frera,
1283 1266 1377 1350 item
1405 1265 1515 1349 Vada
1553 1256 1788 1376 Syrtesque‚
1840 1286 1911 1370 per
1939 1285 2025 1368 quae

718 1369 843 1460 AEstus
874 1373 959 1461 lunt
995 1377 1265 1492 propagandi,
1308 1375 1459 1462 infinita
1501 1375 1581 1462 fere
1625 1377 1747 1460 oritur
1777 1374 1886 1478 hujus
1922 1373 2027 1456 Pnae.

717 1492 876 1576 nomeni
910 1493 1087 1577 varietas.
1146 1492 1204 1579 At
1232 1494 1407 1576 omnium
1433 1493 1573 1578 horum
1596 1488 1666 1574 fitu
1693 1483 1942 1600 respectuque
1973 1483 2024 1568 ad

654 1643 657 1650 ¹
719 1604 888 1687 invicem
918 1605 1042 1717 probe
1070 1609 1205 1704 notis,
1239 1602 1651 1690 &observationibus
1677 1602 1729 1685 de
1769 1603 1887 1686 Maris
1921 1600 2026 1684 AEllu

559 1718 568 1733 '
719 1721 853 1802 exaiie
891 1718 1099 1816 institutis,
1148 1718 1298 1804 nullum
1333 1719 1387 1804 est
1423 1719 1586 1803 dubium
1620 1718 1716 1830 quin
1749 1715 1890 1798 horum
1923 1711 2022 1799 raiio

718 1858 769 1914 ex
798 1830 982 1942 pradiiiis
1012 1831 1128 1919 facile
1164 1839 1203 1916 δε
1228 1833 1455 1918 naturaliter
1486 1836 1593 1916 fluat.
1653 1833 1801 1915 Verum
1830 1857 1917 1913 cum
1941 1827 2022 1910 naec

719 1970 801 2028 non
828 1943 901 2026 stnt
929 1949 1046 2030 nostri
1074 1947 1262 2046 instituti,
1301 1952 1422 2034 immo
1454 1946 1635 2030 hedenus
1668 1935 1814 2028 ostensa
1851 1969 1931 2024 non
1953 1938 2021 2024 nili

714 2083 907 2172 :tanquam
934 2062 1134 2146 Lemmata
1167 2061 1217 2146 ad
1250 2063 1365 2146 Lunae
1397 2061 1558 2172 figuram
1581 2055 1912 2144 determinandam
1933 2079 2025 2136 con·

721 2170 917 2284 srgnentut
929 2233 945 2280 ,
978 2175 1272 2290 particularibus
1300 2171 1516 2286 hujusmodi
1551 2167 1829 2292 prosequendis
1865 2168 2023 2262 abstine,-

716 2313 820 2378 mur.

746 2479 1293 2572 Pnopostrro
1376 2483 1596 2577 LXVI.
1683 2475 2000 2569 Lemma.-

716 2663 770 2758 ii
787 2667 929 2753 Globus
949 2669 1063 2756 Luna
1103 2673 1237 2786 ubique
1263 2673 1444 2788 profundo
1469 2671 1587 2756 Mor
1614 2673 1729 2780 nosiro
1741 2671 1862 2781 stmili
1886 2691 2022 2782 opertui

643 2881 646 2888 ἱ
781 2807 885 2868 eret.
912 2788 1080 2869 indueret
1096 2787 1159 2867 hic
1159 2789 1327 2896 figuram
1332 2787 1484 2900 spbaroi
1489 2787 1569 2868 dem
1587 2789 1799 2898 oblongum,
1821 2797 1919 2896 cujus
1937 2787 2019 2865 uxir

773 2897 972 3009 produi't'ur
998 2925 1068 3012 per
1092 2897 1243 2982 Terram
1262 2903 1463 3011 transtret:
1501 2898 1547 2993 ό·
1573 2899 1743 2984 Altitudo
1755 2899 1876 3008 fluidi
1902 2895 2023 2978 Lutra·

784 3017 862 3092 ris,
887 3015 931 3092 in
955 3011 1125 3123 partibus
1150 3015 1380 3100 citerioribus
1415 3013 1461 3108 ό·
1489 3015 1723 3098 ulterioribus
1745 3011 1889 3098 Lutto,
1912 3009 2022 3120 stupro

773 3120 949 3234 spirarum
969 3125 1161 3238 spbaeroidi
1191 3132 1401 3241 inscriptum
1429 3125 1508 3236 effer
1543 3129 1598 3210 ud
1626 3125 1876 3210 Altitudinent
1904 3125 2025 3206 analo.

777 3266 868 3352 gum
899 3236 1031 3324 Maris
1062 3242 1174 3346 adiri
1197 3247 1240 3322 iu
1267 3243 1440 3354 partibus
1473 3239 1587 3324 Lutra
1611 3241 1785 3351 fiubjeiiis
1816 3233 2026 3343 &hiscei

783 3357 962 3436 diametro
984 3356 1144 3465 opptfitis
1157 3409 1168 3440 ‚
1182 3352 1298 3467 fitpra
1307 3355 1483 3470 spheram
1509 3363 1721 3467 inscriptum
1743 3353 1936 3466 sphaeroidi
1947 3407 1957 3434 ‚
1983 3357 2024 3431 itt

783 3479 926 3552 tutione
953 3470 1137 3579 compofitu
1164 3499 1210 3549 ex
1228 3479 1373 3553 rarione
1381 3476 1595 3580 gravitatis
1619 3473 1886 3552 ucceietuttirir
1917 3459 2026 3546 Luna

715 3615 717 3620 ·
784 3589 827 3664 iu
843 3578 994 3663 Terram
1019 3581 1071 3661 ud
1091 3588 1321 3690 pravitatem
1349 3587 1640 3666 acceleratricem
1658 3581 1771 3665 Terra
1799 3589 1843 3662 itu
1861 3576 2024 3664 Lunum

782 3694 828 3789 ό·
855 3699 997 3778 tutione
1028 3693 1226 3778 Diumetri
1248 3695 1362 3782 Luna
1385 3699 1439 3788 ud
1462 3695 1708 3782 Diumetrum
1740 3695 1873 3780 Terta.

821 3887 923 3972 Uod
953 3888 1111 3976 ssuidum
1135 3892 1286 3975 Lunare
1316 3893 1357 3976 in
1389 3885 1643 4003 sphaeroidem
1678 3889 1840 4003 liguram
1868 3886 2027 4001 assurge·

845 4025 932 4100 ret,
959 4008 1063 4109 cujus
1087 4007 1167 4087 axis
1198 4033 1265 4114 per
1291 4014 1447 4091 Terram
1476 4007 1672 4107 tranfiret,
1697 4028 1804 4119 patet
1829 3999 1960 4089 iisdem
1971 4031 2028 4087 ar·

718 4120 952 4224 gumentis,
988 4119 1129 4229 quibus
1148 4121 1264 4231 Prop..
1297 4147 1420 4205 txrv.
1452 4123 1706 4233 probavimus
1740 4119 1900 4206 liuidum
1938 4123 2028 4202 Ter·

720 4229 839 4310 restre
874 4226 1090 4334 hujusmodi
1113 4227 1272 4338 liguram
1299 4233 1473 4318 induere
1534 4238 1641 4320 Cum
1664 4233 1769 4319 enim
1790 4233 1878 4319 Lib.
1912 4255 1951 4320 ι.
1980 4225 2029 4313 sa·

722 4340 776 4422 tis
810 4339 853 4423 stt
875 4339 1022 4446 ostensa
1054 4344 1220 4455 gravitas
1247 4350 1421 4432 omnium
1455 4376 1664 4463 corporum
1699 4347 1740 4432 in
1767 4348 1926 4444 omnia,
1954 4369 2029 4428 me·

720 4453 802 4534 rito
836 4483 923 4538 cum
953 4453 1108 4565 Keplero
1137 4458 1182 4539 vin
1208 4461 1321 4567 adiri
1336 4457 1483 4543 Lunai.
1509 4461 1767 4577 quaerendum
1786 4455 1879 4546 elltt
1896 4491 1907 4553 3
1924 4449 2033 4577 (ΜΛ

720 4565 880 4687 impedit
910 4573 1142 4686 igiturquia
1167 4568 1332 4662 dicamus
1361 4571 1514 4663 Terram
1543 4584 1664 4664 trium
1702 4572 1876 4663 Mauros
1910 4596 2029 4770 apuu

970 4737 971 4740 ¹
1878 4711 1941 4780 iil
1970 4709 2028 4772 m
