4376 5694
707 679 799 754 550<
920 633 1839 762 nsrnomomrarursrcae
1927 581 1931 588 ⁵

703 819 844 906 nempe
873 789 1111 875 Meridianus
1134 785 1202 870 vel
1225 784 1360 869 Solem
1378 777 1559 898 praeteriit
1581 777 1796 875 maenus,
1823 777 1889 862 vel
1910 803 2011 862 non-¹

704 909 796 992 dum
834 903 1115 1006 assecutusest.
1171 898 1341 981 Dabitur
1360 898 1475 1009 igitur
1502 893 1734 1003 angulorum
1767 917 1890 992 ces,
1926 919 2013 976 nes

660 1044 665 1067 '
703 1021 847 1109 summa
868 1021 933 1103 vel
957 1015 1175 1101 differentia
1198 1036 1338 1108 ure,
1365 1007 1583 1096 differentia
1619 1005 1922 1094 Meridian'urum
1939 1009 2013 1094 Li)-

705 1141 741 1224 ci
770 1165 790 1218 c
818 1141 857 1215 &
881 1133 962 1216 dari
989 1160 1031 1216 rr.
1090 1133 1257 1214 Inventa
1295 1125 1410 1238 igitur
1441 1127 1493 1214 est
1520 1122 1618 1208 Loci
1650 1148 1676 1204 c
1703 1147 1783 1208 tam
1826 1121 2011 1208 latitudo

705 1279 821 1365 quam
848 1243 1086 1358 iongitudo·
1148 1245 1269 1354 Qri.
1291 1245 1332 1321 F.
1447 1241 1456 1282 l

774 1362 983 1456 Similiter,
1012 1359 1232 1442 inuenietur
1257 1351 1423 1436 Telluris
1450 1352 1605 1448 Locus,
1630 1349 1698 1432 ubi
1729 1351 1800 1434 Sol
1829 1344 2012 1433 occidens

553 1483 559 1488 ’
704 1473 886 1588 superiori
920 1475 1090 1584 margine
1107 1469 1247 1554 deficit
1264 1525 1279 1567 ,
1318 1494 1436 1581 quem
1454 1467 1612 1550 Lunaris
1644 1465 1861 1552 Penumua
1891 1467 2012 1554 omui·

703 1618 770 1676 um
794 1589 975 1673 ultimum
1003 1582 1157 1670 deserit.

946 1775 1486 1862 PROPOSITIO
1560 1771 1782 1858 XLVL

705 1969 845 2054 Locum
868 1975 910 2050 in
942 1965 1057 2049 Terra
1089 1967 1335 2050 determinare
1359 1961 1568 2048 Penmlrae
1598 1956 1768 2044 Lunaris
1798 1985 1920 2045 centro
1948 1965 2012 2044 dt-

761 2083 805 2167 ra⁸
835 2081 940 2163 Hora*
956 2080 1158 2189 subjesl‘um
1183 2136 1196 2165 ,
1210 2083 1298 2189 five
1322 2084 1364 2160 in
1386 2109 1457 2191 qno
1484 2075 1553 2161 Srl
1577 2081 1792 2161 cemraliter
1820 2079 1877 2160 ad
1887 2078 2014 2160 &mm

763 2195 919 2307 Tempus
946 2198 1086 2304 deficit..
1199 2235 1203 2244 ⁴

514 2387 952 2594 „ffimREliquis
985 2385 1267 2484 manenulrus,
1304 2411 1395 2471 cunr
1420 2383 1555 2472 datrrnr
1587 2383 1631 2470 fir
1662 2388 1835 2498 Tempus
1869 2401 2013 2502 quara-¹

548 2519 603 2595 fe·
621 2535 649 2593 3·
736 2541 739 2548 ⁴
833 2530 976 2614 curque
1000 2505 1129 2587 Locus
1171 2501 1234 2584 cui
1267 2500 1337 2584 Sol
1374 2503 1596 2586 centraliter
1627 2525 1709 2584 turn
1743 2501 1874 2586 delicit
1909 2559 1925 2600 ,
1975 2505 2014 2586 &r

692 2615 824 2700 -etiam
846 2622 1016 2728 Tempus
1032 2615 1334 2720 Coniunctionis
1349 2642 1448 2698 verae
1464 2614 1619 2712 darum,
1647 2639 1715 2724 per
1735 2617 1850 2724 Prop.
1866 2645 1927 2698 xx
1941 2641 2012 2704 xrs

706 2727 820 2814 datur
851 2729 993 2814 horum
1020 2730 1317 2812 intervallum,
1363 2727 1547 2843 adeoque
1588 2757 1637 2814 cx
1674 2727 1776 2812 Solis
1814 2730 2016 2842 Lunaque

710 2843 827 2926 Moru
864 2842 1020 2926 horario
1052 2847 1189 2926 Motus
1229 2843 1344 2927 Lunx
1378 2839 1400 2924 ὲ
1433 2843 1528 2928 Sole
1551 2841 1757 2928 intervallo
1794 2842 1882 2928 huie
1922 2868 2013 2925 con.

709 2983 839 3068 gruus.
869 2960 913 3038 ln
940 2955 1132 3066 triangulo
1158 2955 1274 3064 igitur
1296 2955 1495 3040 reuilineo
1520 2979 1639 3046 trra,
1670 2957 1708 3037 in
1738 2956 1903 3040 Telluris
1930 2949 2011 3040 Dis

711 3097 762 3152 co
786 3066 1009 3182 descripto,
1048 3068 1188 3151 dantur
1212 3072 1314 3180 (per
1341 3073 1455 3180 Prop.
1483 3077 1688 3172 xxxvl.)
1721 3069 1883 3182 angulus
1906 3093 2012 3156 stur
2167 3110 2168 3125 Ν

711 3183 868 3294 aequalis
893 3179 1179 3294 comprehensa
1199 3185 1299 3265 inter
1324 3183 1508 3266 circulum
1533 3182 1765 3270 Latirudinis
1796 3187 1834 3266 δι
1852 3184 2014 3270 Umbrae

709 3299 850 3398 Viam,
889 3297 987 3382 latus
1013 3323 1079 3380 su
1106 3296 1203 3379 linus
1222 3295 1456 3378 Latitudinis
1482 3299 1600 3382 Lunae
1626 3300 1665 3380 in
1694 3324 1788 3382 vera
1812 3297 2012 3400 Coniunc-
2166 3335 2167 3370 1

709 3412 860 3510 tione,
898 3415 938 3494 δι
974 3440 1000 3493 n
1017 3437 1045 3492 u
1087 3413 1225 3494 Motus
1249 3409 1371 3492 centri
1412 3412 1634 3496 Penumbrae
1665 3410 1881 3494 intervallo
1913 3411 2013 3496 inter

708 3532 879 3637 Tempus
912 3521 1150 3637 propofirum
1184 3517 1431 3634 Tempusque
1468 3527 1765 3629 Conjunslionis
1794 3552 1895 3608 verre
1919 3553 2013 3610 con-

708 3667 849 3752 gruum
887 3637 1081 3719 dabuntur
1105 3635 1221 3746 igitur
1245 3637 1343 3718 larus
1372 3663 1425 3718 sn
1456 3642 1496 3722 δι
1526 3640 1687 3752 angulus
1713 3663 1825 3737 rsru,
1854 3639 1917 3722 vel
1943 3639 2013 3723 hu-

707 3759 766 3860 jus
793 3753 1124 3863 complementum
1151 3749 1201 3834 ad
1228 3749 1328 3833 duos
1358 3757 1483 3834 resins
1510 3785 1525 3832 :a
1550 3755 1628 3838 Sed
1655 3755 1768 3836 datur
1794 3761 1811 3854 (
1833 3777 1875 3834 ut
1894 3755 2014 3864 Prop.
2164 3803 2165 3810 κ

707 3897 820 3980 praec.
840 3860 1058 3972 ostensum)
1088 3889 1207 3951 zsrr
1241 3889 1335 3974 ergo
1373 3865 1527 3978 dubitur
1556 3893 1648 3950 rsa
1686 3869 1847 3976 angulus
1878 3869 2012 3950 restili-

708 3989 833 4072 neu's,
866 3983 905 4060 &
931 3980 1019 4061 huic
1048 3979 1204 4088 aequalis
1230 3978 1269 4056 in
1294 3975 1490 4088 superficie
1509 3977 1686 4090 spherica
1706 3981 1868 4064 Telluris
1895 4009 2010 4091 angu·
2163 4043 2164 4076 p

706 4097 765 4179 lus
794 4088 990 4203 sphericus
1019 4117 1070 4172 rs
1087 4117 1126 4176 n·
1171 4091 1326 4174 Dantur
1351 4093 1467 4176 etiam
1491 4097 1668 4206 trianguli
1698 4091 1865 4204 splr'aerici
1905 4123 1926 4176 r>
1948 4121 1964 4174 s
1986 4123 2010 4176 n

706 4209 827 4289 latera
850 4204 941 4286 bina
962 4228 1053 4300 sn,
1093 4227 1178 4298 su,
1206 4202 1282 4282 hoc
1304 4205 1451 4314 aequale
1470 4207 1650 4292 dillantiae
1674 4205 1822 4290 Solisai
1847 4209 1947 4291 Polo
1966 4237 2009 4302 r,

705 4319 802 4402 illud
835 4317 957 4400 modo
984 4312 1159 4436 sequenti
1185 4316 1388 4398 inventum
1416 4350 1430 4396 :.
1457 4321 1581 4402 Reclis
1618 4352 1699 4418 sc,
1725 4349 1785 4402 sa
1820 4323 1860 4400 in
1893 4311 2008 4430 plano¹

703 4431 809 4518 Disci
835 4431 956 4511 dussis
984 4429 1219 4539 respondent
1241 4429 1280 4510 in
1308 4427 1504 4540 superficie
1536 4428 1710 4544 spherica
1743 4431 1823 4516 duo
1855 4430 2010 4518 arcus}

703 4550 847 4658 puneio
872 4569 890 4622 s
922 4542 1007 4624 Soli
1032 4537 1367 4645 direue.subjeuo
1396 4545 1645 4656 incipientes,
1677 4562 1844 4656 quorum
1869 4573 1926 4627 sc
1957 4549 2008 4628 est

682 4659 893 4774 ‘quadrans
907 4711 922 4754 ‚
966 4682 1027 4740 sa
1053 4657 1108 4739 est
1132 4683 1275 4756 arcus,
1299 4660 1411 4763 cujus.
1434 4658 1534 4745 linus
1562 4665 1690 4746 reclus
1713 4661 1766 4744 est
1796 4684 1860 4742 sn
1887 4665 2010 4746 restas

1899 4799 2006 4856 arcus
