4420 5692
249 593 723 671 aasorrsrntcm
756 599 1113 678 stanuum.
1137 611 1333 686 maru.
1411 628 1479 710 465

191 759 192 764 ¹
274 722 475 834 'Esrgnet,
520 749 563 810 ut
594 720 688 838 saepe
724 721 920 842 superius,
960 763 978 817 s
1013 735 1147 818 Solem
1181 771 1192 827 ς
1238 759 1313 816 ετ
1344 735 1366 816 i:
1401 741 1674 832 ornamur.

304 837 424 920 bitum
456 839 625 923 Primarii
655 868 721 929 rs
761 873 786 925 c
812 868 833 925 s
860 869 941 927 ue
978 849 1166 932 Orbitam'
1191 849 1415 934 Secundarii
1450 878 1475 934 r.
1520 849 1571 929 ³²³8·
1593 865 1620 924 ¹2

179 953 279 1061 circa
312 951 563 1032 Primarium:
593 957 796 1040 Ducuntur
823 961 932 1042 redae
958 989 976 1043 s
1003 977 1061 1059 ις
1105 991 1125 1046 s
1155 991 1206 1064 r,
1244 969 1285 1045 δι
1317 962 1345 1046 st
1382 992 1483 1076 opus

179 1067 233 1147 est
262 1062 524 1175 producantur
547 1068 668 1180 inque
698 1064 744 1150 iis
769 1069 964 1181 signentur
1003 1103 1056 1172 rt,
1084 1100 1140 1174 A,
1167 1103 1199 1160 Μ
1230 1081 1269 1159 &
1302 1099 1330 1158 Μ
1362 1103 1481 1188 punc-

179 1204 245 1274 tu,
288 1178 536 1285 &jungatur
571 1209 598 1262 A
627 1207 669 1264 Μ.
732 1187 789 1266 Ex
825 1188 937 1294 Prop.
969 1189 1161 1271 tx.'Lib.
1197 1217 1227 1272 1.
1267 1213 1377 1301 patet
1415 1194 1482 1275 Er·

178 1319 284 1375 rores
315 1316 452 1371 omnes
485 1293 670 1376 Satellitis
704 1323 729 1376 L
764 1296 856 1377 oriri
883 1298 933 1379 ab
966 1303 1047 1403 ejus
1079 1302 1235 1387 Viribus
1268 1330 1356 1414 quae
1395 1297 1483 1388 sunt

177 1429 221 1488 ut
244 1432 271 1484 A
306 1429 378 1499 Μ,
422 1429 454 1482 Μ
490 1426 546 1501 Μ,
588 1412 628 1488 &
657 1435 746 1492 cum
790 1409 926 1492 harum
962 1419 1147 1499 reustum
1187 1413 1477 1500 directionibus.

177 1520 248 1602 Vis
281 1542 410 1600 autem
443 1517 481 1597 in
512 1541 537 1600 ι
568 1514 776 1604 secundum
807 1521 1058 1610 dirediionem
1095 1532 1204 1612 resiae
1230 1555 1258 1608 A
1287 1553 1319 1608 Μ
1360 1528 1482 1637 (hoc

177 1635 272 1728 est,
309 1625 516 1712 secundum
548 1660 573 1714 t
601 1662 628 1716 τ
658 1638 798 1751 restam
828 1637 845 1743 )
881 1664 999 1748 agens
1037 1664 1188 1724 motum
1223 1639 1336 1750 ipsrus
1379 1667 1404 1721 n
1440 1642 1482 1723 in

25 1740 32 1756 '
108 1823 113 1846 ,
177 1743 439 1829 Latitudinem
460 1746 687 1858 neutiquam
712 1749 936 1861 perturbat,
963 1780 1051 1834 cum
1078 1781 1102 1834 L
1129 1780 1158 1835 τ
1190 1755 1228 1836 in
1260 1754 1380 1863 plano
1408 1758 1483 1836 Or·

177 1860 236 1942 bis
267 1884 292 1938 c
320 1881 340 1937 s
368 1880 447 1938 uu
486 1859 623 1961 jaceat.
683 1865 846 1960 Porro,
883 1862 911 1946 fi
948 1865 1110 1949 directio
1142 1870 1213 1952 Vis
1245 1867 1401 1950 alterius
1438 1889 1483 1951 ut

177 2003 210 2057 Μ
239 1969 414 2054 uetiam
448 1972 489 2052 in
519 1975 636 2083 plano
669 1975 788 2060 Orbis
819 2003 844 2058 c
873 2003 896 2057 s
923 2001 951 2059 t)
981 2006 1005 2061 n
1039 1981 1190 2084 jaceat,
1231 1979 1310 2062 hoc
1336 1979 1421 2076 est,
1454 1977 1483 2063 st

147 2089 279 2172 testa
311 2109 429 2194 pers
462 2082 575 2168 dueta
606 2088 724 2171 &ad
761 2116 793 2171 Μ
819 2113 850 2172 Μ
876 2091 1058 2202 parallela
1091 2094 1132 2176 in
1157 2097 1276 2206 plano
1310 2117 1429 2174 cru
1452 2117 1480 2173 c

149 2200 322 2306 iaceat,
353 2201 482 2307 neque
521 2199 602 2282 hac
633 2203 817 2286 Satellitis
848 2228 1000 2288 motum
1027 2206 1067 2287 in
1099 2208 1361 2292 Latitudinem
1397 2232 1482 2316 per·
1609 2205 1612 2214 “

177 2308 361 2397 turbabit.
420 2303 504 2419 Ipsa
541 2339 639 2396 veto
685 2341 714 2397 Μ
746 2325 776 2400 Μ
792 2374 806 2414 ,
842 2311 904 2399 seu
942 2345 1039 2418 st,
1075 2346 1163 2404 cum
1200 2319 1245 2405 fit
1287 2321 1327 2402 in
1360 2317 1480 2429 plano

178 2426 295 2510 Orbis
318 2454 336 2506 s
362 2447 383 2503 Ε
412 2449 464 2518 τ,
491 2429 563 2511 erit
589 2428 705 2512 etiam
732 2428 772 2512 in
800 2430 919 2540 plano
946 2459 971 2514 c
999 2461 1022 2514 s
1050 2458 1078 2516 u
1108 2457 1158 2530 c,
1187 2433 1214 2517 st
1241 2430 1356 2518 fuerit
1379 2456 1482 2524 com·

176 2541 301 2626 munis
336 2529 551 2624 intersedit>
586 2540 754 2626 duorum
790 2544 947 2626 istorum
973 2547 1199 2658 planorum,
1230 2545 1394 2628 Orbium
1426 2544 1482 2624 ni·

176 2658 316 2739 mimm
344 2650 513 2734 Primarii
551 2659 590 2738 δι
624 2654 875 2750 secundariis
915 2657 993 2741 hoc
1021 2659 1105 2755 est,
1146 2657 1311 2742 erodi
1338 2655 1482 2739 suerint

176 2769 217 2852 in
243 2763 430 2880 Syzygiis.
480 2767 601 2879 Igitur
629 2767 759 2852 Nodis
785 2768 825 2850 in
857 2770 1032 2880 Syzyoiis
1067 2767 1330 2865 versantibus,
1353 2767 1481 2850 nullus

176 2881 324 2966 orietur
355 2881 470 2962 Error
496 2879 626 2964 motris
646 2880 697 2966 ,in
724 2841 985 2966 Latitudinem
1014 2912 1143 2998 neque
1168 2881 1190 2966 i
1215 2886 1267 2966 Vi
1297 2903 1341 2964 ut
1367 2907 1393 2960 A
1422 2907 1479 2979 Μ,

177 3021 307 3105 neque
340 2987 363 3074 d
389 2993 442 3076 Vi
474 3019 517 3077 ut
542 3021 573 3078 Μ
602 3018 631 3078 Μ
646 3052 660 3093 ,
696 3022 782 3107 quae
809 2989 897 3079 soiae
927 2991 1014 3080 sunt
1040 3002 1154 3083 Vires
1184 2993 1368 3080 Satellitis
1396 3021 1481 3077 mo·

122 3178 125 3187 .
179 3136 261 3192 tum
289 3107 556 3216 perturbantes
589 3141 600 3199 ;
634 3135 728 3220 ergo
756 3109 884 3192 nullus
917 3109 1069 3221 prorsus
1103 3114 1220 3193 Error
1253 3112 1291 3192 in
1333 3106 1482 3190 Latitu-

176 3222 323 3306 dinem.
383 3220 507 3305 Unde
550 3223 763 3306 Nodorum
800 3223 918 3307 Linea
956 3223 1149 3338 simulque
1183 3224 1251 3334 ipsr
1287 3220 1401 3304 Nudi
1438 3220 1479 3302 in

178 3339 256 3422 boc
286 3325 370 3416 casu
401 3330 630 3444 quiescunt,
666 3364 753 3419 cum
785 3359 915 3422 motus
946 3337 1103 3425 illorum
1131 3334 1178 3421 stt
1206 3340 1323 3420 Error
1345 3329 1480 3444 iper·

177 3449 359 3535 turbante
381 3449 439 3528 -Vi
463 3450 592 3560 aliqua
635 3450 830 3533 oriundus.

188 3629 191 3638 .
235 3562 322 3646 Ubi
359 3587 456 3641 vero
495 3559 612 3644 Orbis
656 3587 728 3642 cn
760 3590 839 3646 nc
880 3564 993 3650 Nudi
1023 3559 1107 3649 sunt
1143 3566 1184 3650 in
1262 3559 1476 3646 uadratutis
1515 3623 1569 3708 ng.
1589 3629 1619 3694 A.

176 3687 206 3762 'c
230 3681 270 3759 ἃ
298 3701 362 3772 u,
407 3677 478 3758 Vis
507 3701 550 3758 ut
587 3697 683 3774 ΜΜ
722 3673 906 3761 satellitis
948 3705 1098 3763 motum
1141 3681 1181 3764 in
1219 3676 1481 3765 Latitudinem

179 3792 343 3876 maxime
376 3787 617 3899 perturbat·;
645 3790 832 3897 quoniam
863 3791 903 3870 in
931 3793 1009 3875 hoc
1041 3789 1126 3874 casu
1153 3799 1255 3878 resia
1280 3817 1310 3871 Μ
1339 3813 1368 3870 Μ
1394 3789 1481 3894 (ei-

180 3932 259 4020 que
287 3930 355 4014 per
390 3927 415 3983 r
450 3901 631 4015 parallela
657 3923 681 3982 t
710 3929 765 3999 s,
800 3896 1009 3987 secundum
1050 3930 1170 4015 quam
1209 3903 1377 3990 exeritur
1408 3903 1481 3986 Vis

179 4016 361 4103 Satelliris
391 4038 415 4095 t
440 4043 524 4128 qua:
549 4015 603 4096 est
626 4038 670 4098 ut
703 4041 734 4096 Μ
763 4022 821 4118 Μ)
847 4020 1021 4102 omnium
1046 4019 1211 4102 maxime
1242 4017 1293 4102 ad
1323 4015 1481 4124 planum

181 4133 300 4216 Orbis
338 4154 470 4211 esu
497 4155 539 4209 c·
557 4128 787 4225 inclinatur,
828 4151 978 4214 tantum
1018 4157 1158 4241 nempe
1188 4153 1376 4244 quantum
1408 4133 1482 4212 Or·

181 4246 291 4330 bium
324 4269 342 4324 s
369 4271 394 4324 τ
421 4265 443 4325 s
452 4300 466 4340 ,
505 4267 689 4326 canu
730 4242 846 4352 plana
879 4243 930 4327 ad
963 4239 1000 4328 se
1032 4245 1201 4327 invicem
1233 4242 1479 4328 inclinantur.

183 4363 229 4443 In
263 4351 450 4440 hocfflcasu
475 4350 711 4468 supponatur
737 4357 843 4464 plani
868 4382 893 4438 c
921 4383 942 4440 n
969 4384 996 4441 n
1023 4384 1050 4440 a
1083 4385 1170 4468 pars
1199 4361 1319 4448 altera
1347 4381 1372 4438 c
1398 4381 1424 4437 e
1451 4381 1480 4439 u

183 4471 292 4583 supra
320 4471 475 4578 planum
508 4471 619 4572 hujus
661 4465 911 4577 schematis(
947 4471 1060 4582 quod
1098 4499 1185 4556 cum
1217 4473 1335 4585 plano
1365 4467 1484 4554 Orbis
1603 4558 1611 4568 ,

184 4585 355 4671 Primarir
386 4611 404 4670 s
428 4611 455 4668 τ
484 4607 505 4665 e
535 4583 750 4698 congruit)
777 4583 966 4784 elevat?
1003 4586 1124 4672 altera
1150 4615 1176 4698 ρ
1201 4614 1227 4700 p
1254 4611 1283 4670 t>
1313 4579 1483 4782 maliis

114 4749 166 4834 Ι,
900 4793 902 4800 .
967 4721 989 4805 3
1305 4818 1309 4827 f
1413 4723 1453 4796 ,U
