4346 5676
552 668 555 676 ν
728 645 815 708 tum
836 612 1155 711 necessaria-eum
1182 608 1415 708 utilioribus
1440 601 1692 696 commiscere
1723 604 1903 709 videar,
1935 607 2027 696 sum.

729 764 796 824 ma
813 758 965 824 tantum
993 732 1187 848 principia
1211 726 1368 816 tradam
1393 751 1565 842 quorum
1604 753 1684 842 ope
1710 724 1885 844 quiiibet
1914 724 2028 813 facile

731 856 772 942 in
801 854 910 941 omm
930 852 1060 940 Plano.
1082 846 1313 964 Horologia
1334 845 1488 934 Solatia
1513 841 1733 936 describere
1768 841 1917 934 valeat.

791 973 943 1056 Totum
971 971 1053 1055 hoc
1084 962 1323 1081 Opuieulum
1352 965 1393 1049 iu
1430 987 1601 1079 quatuor
1636 962 1783 1076 Capita
1816 964 2029 1074 partiemur
2074 1027 2084 1046 .

732 1091 903 1177 PrImum
925 1085 1147 1175 continebit
1172 1085 1344 1199 aliquot
1358 1108 1499 1200 praxea
1527 1081 1789 1170 Guomonieae
1816 1075 1956 1168 faciles
1987 1087 2029 1168 de

732 1207 860 1294 utiles.
908 1197 964 1288 ¹In
979 1200 1151 1290 seeundo
1164 1199 1428 1290 describentur
1444 1200 1678 1314 Horologia
1701 1199 1920 1312 Regularia.
1984 1203 2030 1286 In

734 1329 855 1422 tertio
881 1318 932 1408 de
950 1320 1186 1437 Horologiis
1216 1317 1546 1432 Declinantibus‚
1576 1315 1860 1404 Inclinantibus
1877 1317 2029 1404 &mix-

734 1446 784 1531 tis
808 1436 1023 1528 differetur.
1081 1443 1129 1524 ln
1156 1461 1305 1555 quarto
1328 1437 1653 1550 Horologiorum
1680 1430 2031 1520 describendorum
2062 1511 2064 1515 ,

732 1587 804 1677 per
818 1558 1010 1645 calculum
1031 1556 1266 1673 angulorum
1285 1552 1499 1643 methodus
1514 1551 1753 1670 indicabitur
1773 1557 1815 1638 de
1847 1549 2029 1640 demons-

727 1677 917 1770 trabitur.

1008 1876 1320 1965 CAPUT
1378 1874 1759 1966 PRIMUM.

762 2100 1074 2234 Problemata
1101 2101 1412 2211 Gnomom'ces
1458 2085 1693 2213 Faciliora
1732 2102 1985 2211 continens.

873 2374 1103 2466 Nomonica
1138 2377 1196 2462 eii
1226 2403 1290 2467 ars
1332 2373 1660 2463 delineandorum
1703 2374 2029 2491 Horologiomm

816 2551 820 2558 ·
886 2493 1083 2583 Solarium
1101 2499 1142 2580 de
1172 2495 1441 2610 Sydereorum
1466 2493 1507 2580 in
1550 2490 1831 2608 superficiebus
1868 2495 2027 2611 quibus·

729 2641 900 2729 cumque
924 2612 1054 2712 datis,
1087 2610 1166 2698 srve
1186 2641 1257 2727 per
1285 2613 1420 2701 radios
1449 2611 1649 2712 direeros,
1679 2609 1758 2700 five
1778 2637 1849 2726 per
1885 2612 2025 2698 radios

570 2756 573 2764 ’
728 2736 895 2826 reflexos
923 2790 939 2830 ,
969 2727 1049 2814 five
1085 2757 1154 2841 per
1184 2731 1317 2819 radios
1350 2729 1552 2820 refrados.
1630 2731 1722 2816 Nos
1761 2728 1881 2815 solam
1915 2731 2026 2814 illane

723 2849 994 2934 'Gnomonieae
1039 2870 1162 2934 artem
1194 2845 1258 2936 bic
1278 2849 1507 2964 attingimus
1534 2874 1620 2965 quae
1640 2875 1711 2962 per
1738 2850 1871 2934 radios
1894 2847 2025 2932 direc-

729 2988 820 3064 tos,
852 2971 893 3051 de
924 2966 974 3050 in.
996 2877 1270 3077 Hiperfieiebus
1305 2992 1457 3054 tantum
1483 2967 1628 3084 planis,
1653 2967 1807 3084 Solaria
1828 2964 1913 3054 sola
1938 2971 2027 3052 Ho-

717 3083 883 3197 rologia
906 3081 1104 3168 delineare
1130 3083 1266 3196 docet.
1341 3093 1345 3110 '
1733 3173 1738 3182 ,

786 3200 948 3286 Deinde
975 3207 1099 3315 quum
1122 3201 1441 3318 Horologiotum
1470 3202 1662 3290 Solarium
1685 3206 1762 3290 alia
1794 3196 1868 3290 fine
1894 3203 2021 3318 Baby-

721 3318 857 3404 ioni'ca
895 3325 983 3431 quae
1019 3323 1150 3405 Horas
1180 3323 1231 3408 ab
1262 3348 1352 3436 ortu
1393 3320 1498 3407 Solis
1537 3347 1782 3408 numeratas·
1808 3315 2019 3420 exhibent,

718 3435 805 3528 ¹'alia
834 3439 973 3534 italica
997 3464 1084 3551 quae
1120 3443 1250 3526 Horas
1281 3437 1333 3524 ab
1364 3437 1501 3525 occasu
1533 3443 1638 3528 Solis
1671 3434 1913 3539 ostendunt,
1943 3442 2021 3526 alia

726 3554 1004 3640 Astronomiea
1031 3584 1118 3670 quae
1150 3563 1280 3644 Horas
1301 3587 1334 3649 ‘a
1373 3556 1546 3644 Meridie
1570 3559 1636 3644 vel
1666 3557 1689 3646 ὲ
1724 3561 1862 3647 Media
1896 3563 2020 3644 noete

721 3697 972 3785 computatas
996 3675 1239 3788 indigitant,
1271 3682 1346 3762 &e
1407 3679 1499 3764 Nos
1526 3671 1578 3762 de
1599 3678 1838 3794 Horologiis
1864 3700 2019 3762 tantum
2164 3717 2165 3726 Ν

724 3790 1010 3878 Astronomieit
1037 3795 1227 3907 agimus,
1256 3797 1464 3909 inquibus
1492 3793 1515 3880 i
1540 3795 1711 3884 Meridie
1752 3798 1804 3884 ad
1836 3797 2017 3880 Mediam

724 3914 909 4012 tiodiem,
929 3915 1058 3998 Horae
1083 3909 1317 4011 duodecim,
1338 3918 1420 4000 &a
1446 3911 1583 4000 Media
1608 3921 1725 4028 nodie
1742 3916 1793 4004 ad
1808 3915 2015 4008 Meridiem

718 4028 898 4114 totidem
914 4032 1039 4114 Hora
1059 4034 1271 4122 numeratae
1289 4030 1520 4118 indicantur.

781 4149 905 4260 Igitur
931 4149 1213 4236 Gnomomices
1236 4151 1304 4235 issa
1328 4152 1459 4236 nostra
1497 4149 1730 4240 methodum
1761 4151 1890 4239 docet
1922 4176 2010 4263 pro·

720 4263 985 4380 jiciendorum
1014 4266 1177 4380 Sphaerae
1207 4270 1438 4357 circulorum
1468 4272 1757 4378 (maximorum
1793 4269 2011 4384 praecipue)

718 4407 945 4498 ‚eorumque
968 4382 1274 4474 dividendorum
1301 4391 1342 4475 in
1361 4389 1609 4509 apparentiae
1636 4387 1826 4506 graduum
1843 4413 1917 4476 aut
1928 4413 2012 4500 par·

720 4515 823 4604 'rium
860 4501 1081 4618 aequalium.
1152 4508 1366 4622 Sequentia
1409 4531 1541 4598 autem
1583 4534 1713 4624 pauca
1745 4506 2011 4626 iupponimus.

960 4677 970 4686 .
1373 4687 1377 4694 ,
1827 4637 1831 4644 ’
1955 4641 2012 4710 Ρ,
