4376 5694
132 697 136 706 ,
265 649 311 724 θ’
353 636 746 720 auom-:Titia
783 636 1121 718 ELEMENTA.
1162 647 1247 721 er.
1281 647 1351 722 112.
1424 671 1489 744 541

188 781 403 871 admodum
441 777 657 884 discrimine
691 778 822 864 differt
847 779 871 866 d
906 811 934 866 τ
952 811 1011 866 v.-
1045 783 1151 868 unde
1175 785 1203 868 ii
1227 807 1340 868 erunt
1359 813 1493 897 quarn.

189 899 366 1012 proxime
409 895 581 978 Termini
615 921 688 1008 pro
720 894 859 1006 Eciipsr
900 898 1002 981 Solis
1039 897 1105 984 vel
1154 897 1383 982 omnimoda
1426 899 1491 984 vel

190 1011 306 1096 totali
334 1007 476 1092 alicubi
502 1008 755 1116 contingente
777 1039 790 1096 ς
821 1008 1003 1093 distanriae
1038 1037 1180 1118 nempe
1202 1011 1320 1092 Lunae
1355 1007 1491 1095 iNo-

188 1123 246 1206 do
264 1120 453 1234 ‚proximo
467 1179 482 1220 ,
516 1118 680 1232 quando
706 1125 903 1232 Tempore
927 1125 1135 1207 Novisunii
1167 1123 1250 1206 veri
1280 1125 1396 1206 Lunae
1422 1127 1492 1208 Ln-

186 1235 318 1320 titudo
353 1234 510 1344 aequalis
538 1233 594 1316 est
620 1233 686 1316 vel
714 1228 867 1318 summe
903 1235 1285 1320 Sentidiarnetrorum
1314 1239 1492 1320 Lumina·

165 1349 285 1448 ‚num
311 1352 351 1430 δι
379 1345 583 1438 Parallaxis
613 1349 730 1430 Lunae
755 1346 1005 1432 horizontalis
1031 1351 1187 1432 minutae
1215 1344 1404 1460 susquipio
1420 1353 1491 1432 Pa·

186 1460 338 1543 rallaxis
368 1460 470 1543 Solis
500 1458 778 1557 horizontaiis‚
808 1462 874 1546 vel
891 1457 1119 1548 differentia
1146 1459 1399 1546 Paralltxium
1419 1465 1492 1549 ho·

184 1573 431 1662 rizontalium
461 1575 576 1656 Lunae
613 1575 656 1653 wiit
688 1572 815 1656 Solia·
857 1599 862 1608 ·

423 1696 969 1782 Prono-strio
1057 1699 1252 1784 xL11.
1331 1695 1333 1700 ’

187 1847 342 1962 Tempus
369 1849 508 1934 initii,
541 1845 674 1936 Medii
713 1845 759 1942 ῤ’
792 1845 1006 1932 sinistam
1040 1857 1245 1936 omnimoda
1272 1853 1491 1966 Eclipfittie·

238 1963 359 2049 uisi
398 1959 608 2044 Penumbra
657 1955 791 2050 Luat,
849 1992 937 2045 uam
971 1961 1124 2076 Etlipss
1169 1963 1266 2049 Solis
1292 1961 1417 2050 ruralis
1447 1971 1491 2047 in

241 2083 342 2160 omni
369 2075 523 2158 Tesmis
545 2075 650 2190 globo
674 2077 759 2158 dato
778 1994 912 2184 diense
943 2083 1214 2190 contingentis.
1249 2081 1403 2196 indeque
1423 2075 1491 2162 bt·

240 2217 320 2274 rm
357 2185 605 2273 Durationem
628 2196 811 2300 integram
838 2190 1001 2303 definire.
1050 2193 1052 2198 ’

183 2351 278 2527 SIt
324 2379 353 2432 n
372 2374 397 2432 c
413 2378 440 2434 o
476 2341 613 2432 Discus
642 2343 766 2432 Terr'ae
798 2369 936 2432 centro
965 2376 994 2430 τ
1022 2341 1270 2458 descriptus,
1306 2342 1407 2433 visus
1433 2371 1485 2432 ex

268 2467 413 2574 punito
435 2467 543 2547 reiiae
565 2458 669 2544 Solis
701 2461 742 2542 δι
771 2463 897 2544 Terra
923 2486 1056 2546 centra
1086 2462 1384 2570 conjungentis,
1411 2463 1479 2544 ubi
1517 2457 1682 2572 raprxrr.

181 2573 264 2660 haec
290 2575 413 2662 Coelo
437 2577 556 2658 Lunae
578 2573 760 2658 occurrit.
818 2573 925 2656 Plani
949 2573 1144 2684 Eclipricae
1168 2567 1353 2683 hujusque
1381 2570 1486 2658 Disci
1529 2544 1583 2618 ω’·
1612 2546 1641 2600 ⁸‘

184 2690 400 2772 c'omrnunis
425 2684 676 2781 intersedio,
714 2681 793 2766 srve
824 2685 1011 2795 Ecliptica
1038 2688 1080 2770 in
1106 2686 1229 2796 piano
1261 2682 1365 2768 Disci
1389 2685 1483 2785 visa,

185 2798 231 2886 stt
264 2815 305 2894 ii,
323 2827 351 2884 u
378 2806 479 2887 resia
513 2831 525 2890 3
574 2801 619 2894 ,δι
649 2823 676 2878 τ
694 2819 724 2880 Ν
753 2795 841 2880 huic
866 2798 1191 2908 perpendicularis
1219 2798 1292 2882 erit
1316 2826 1489 2885 cominu.

187 2913 248 2999 nis
277 2909 392 3000 senio
428 2915 633 3027 planorum
674 2909 806 2992 circuli
839 2910 1072 2994 Latitudinis
1114 2916 1155 2994 δι
1184 2902 1291 2994 Disci
1325 2919 1488 3014 Terrae,

187 3027 228 3110 in
259 3055 337 3142 qua
363 3026 406 3112 stt
440 3055 467 3110 n
494 3029 676 3140 punitum
707 3079 721 3119 ‚
759 3019 970 3106 ubi'uunre
999 3023 1148 3108 Orbirae
1173 3024 1359 3136 planique
1384 3025 1489 3112 Disci

38 3201 44 3222 .
186 3141 401 3224 communis
426 3136 671 3232 interiectio,
707 3134 784 3219 five
805 3136 946 3220 Orbita
976 3139 1092 3222 Lunae
1126 3138 1167 3222 in
1200 3137 1358 3247 planum
1382 3138 1490 3225 Disci

186 3256 391 3367 projecta,
442 3253 585 3336 dicium
618 3248 846 3334 Latitudinir
884 3251 1070 3336 circulum
1107 3246 1324 3336 intersecat.
1384 3255 1490 3337 Curta

186 3368 370 3466 oculum,
406 3361 572 3478 Eclipstn
601 3365 700 3446 hanc
732 3371 861 3446 Terrae
879 3365 1120 3463 videntem,
1157 3366 1395 3449 collocatum
1411 3363 1492 3478 sup

186 3507 377 3594 ponamus
409 3480 450 3562 in
479 3481 582 3562 retia
614 3475 716 3559 Solis
748 3481 951 3587 Terraque
982 3505 1118 3564 centra
1160 3480 1380 3590 jungentes
1426 3507 1491 3592 pa·

187 3618 245 3680 tet
280 3593 384 3678 hunc
418 3619 496 3675 una
535 3615 623 3674 curn
657 3588 751 3671 Sole
778 3615 928 3674 motum
973 3591 1057 3691 iri,
1105 3590 1287 3701 adeoque
1325 3587 1491 3675 visurum

186 3731 362 3794 centrum
402 3703 627 3794 Penurnbrae
671 3701 832 3784 Lunaris
872 3699 1088 3797 describens
1124 3706 1165 3788 in
1213 3700 1333 3787 Disco
1363 3711 1490 3788 Terrae

186 3821 310 3906 Viam
344 3819 451 3906 issam
477 3817 500 3902 i
522 3816 639 3914 Sole,
666 3813 717 3898 de
744 3839 824 3926 qua
853 3810 934 3900 suse
962 3821 1090 3900 atrum
1113 3819 1168 3899 est
1192 3821 1307 3924 Prop.
1339 3841 1489 3898 xxxvr.

184 3935 314 4020 Duru
347 3934 463 4048 igitur
491 3929 731 4040 concipiatur
754 3954 824 4038 per
861 3951 891 4010 n
919 3931 1021 4012 reda
1051 3931 1110 4012 ln
1129 3938 1181 4031 Ji„
1217 3929 1362 4012 faciens
1405 3959 1493 4014 cum

186 4075 217 4133 τ
239 4073 268 4130 n
311 4051 474 4160 angulos
501 4042 709 4128 hincinde
743 4039 911 4149 aequaies
934 4035 1036 4138 iilis,
1070 4067 1174 4153 quos
1209 4045 1285 4126 Via
1321 4045 1437 4127 Luna
1471 4043 1494 4128 d

185 4161 404 4248 Soletum
439 4157 668 4246 Latitudinis
700 4153 847 4242 circulo
887 4150 1002 4238 efficit
1054 4179 1233 4268 tempore
1285 4157 1494 4240 Novilunii

186 4275 310 4364 veri,-
352 4273 586 4389 atque-Via
618 4272 700 4354 haec
736 4273 853 4354 Lunae
888 4265 911 4352 i
950 4267 1085 4366 Sole,
1140 4269 1192 4352 ad
1234 4271 1495 4356 Novilunium
1637 4363 1641 4370 ,

186 4385 270 4476 srve
301 4389 469 4474 mediam
517 4383 682 4495 Eclipstn
730 4381 919 4480 defiriu,
956 4409 1112 4470 manere
1155 4377 1391 4496 supponatur
1428 4411 1495 4500 per

188 4503 377 4616 integram
404 4499 596 4613 Eciipfinr
630 4497 743 4609 quod
777 4496 954 4606 proximt
990 4493 1150 4607 quidem
1194 4497 1266 4582 fit:
1302 4523 1343 4584 at
1376 4499 1403 4583 fi
1432 4525 1497 4584 ex-

188 4619 306 4706 atrius
385 4614 551 4700 ocedcre
576 4611 724 4708 libeat,
764 4609 871 4696 iilam
904 4608 945 4694 in
974 4609 1058 4700 aliis
1086 4613 1203 4698 Lunae
1227 4609 1252 4698 i
1278 4612 1406 4698 Nodo
1427 4611 1499 4692 dir.

308 4815 320 4834 ι
351 4730 470 4842 regeri
491 4725 589 4834 Astr.
619 4719 719 4807 Tam.
745 4721 796 4808 11.
835 4747 841 4752 ·
1041 4725 1073 4822 P
1369 4723 1499 4810 tantiis
