<?xml version="1.0" encoding="UTF-8"?>
<!DOCTYPE html PUBLIC "-//W3C//DTD XHTML 1.0 Transitional//EN"
    "http://www.w3.org/TR/xhtml1/DTD/xhtml1-transitional.dtd">
<html xmlns="http://www.w3.org/1999/xhtml" xml:lang="en" lang="en">
 <head>
  <title>
</title>
<meta http-equiv="Content-Type" content="text/html;charset=utf-8" />
  <meta name='ocr-system' content='tesseract 3.04.00' />
  <meta name='ocr-capabilities' content='ocr_page ocr_carea ocr_par ocr_line ocrx_word'/>
</head>
<body>
  <div class='ocr_page' id='page_1' title='image "./davidisgregorii00huargoog_0378.png"; bbox 0 0 4322 5686; ppageno 0'>
   <div class='ocr_carea' id='block_1_1' title="bbox 184 509 1423 804">
    <p class='ocr_par' dir='ltr' id='par_1_1' title="bbox 184 509 1423 804">
     <span class='ocr_line' id='line_1_1' title="bbox 184 509 1423 637; baseline 0.01 -31"><span class='ocrx_word' id='word_1_1' title='bbox 184 613 188 622; x_wconf 67' lang='grc'>,</span> <span class='ocrx_word' id='word_1_2' title='bbox 246 531 286 608; x_wconf 77' lang='lat' dir='ltr'>o</span> <span class='ocrx_word' id='word_1_3' title='bbox 310 523 1277 637; x_wconf 63' lang='lat' dir='ltr'>cnourrnrcarrnnunraunst,</span> <span class='ocrx_word' id='word_1_4' title='bbox 1352 509 1423 628; x_wconf 79' lang='lat'>733</span> 
     </span>
     <span class='ocr_line' id='line_1_2' title="bbox 281 653 1024 804; baseline 0.011 -44"><span class='ocrx_word' id='word_1_5' title='bbox 281 653 286 664; x_wconf 63' lang='grc'><strong>’</strong></span> <span class='ocrx_word' id='word_1_6' title='bbox 512 683 1024 804; x_wconf 66' lang='lat' dir='ltr'>Coronant-uu,</span> 
     </span>
    </p>
   </div>
   <div class='ocr_carea' id='block_1_2' title="bbox 92 877 1526 2264">
    <p class='ocr_par' dir='ltr' id='par_1_2' title="bbox 92 877 1526 2264">
     <span class='ocr_line' id='line_1_3' title="bbox 156 877 1426 994; baseline -0.002 -28"><span class='ocrx_word' id='word_1_7' title='bbox 156 881 260 967; x_wconf 82' lang='lat' dir='ltr'>Hinc</span> <span class='ocrx_word' id='word_1_8' title='bbox 294 883 398 993; x_wconf 85' lang='lat' dir='ltr'>pat&#39;et</span> <span class='ocrx_word' id='word_1_9' title='bbox 429 884 599 994; x_wconf 84' lang='lat' dir='ltr'>Systema</span> <span class='ocrx_word' id='word_1_10' title='bbox 624 885 864 972; x_wconf 79' lang='lat' dir='ltr'>Planetarum</span> <span class='ocrx_word' id='word_1_11' title='bbox 889 882 1240 986; x_wconf 78' lang='lat' dir='ltr'>circumsoian‘um‚</span> <span class='ocrx_word' id='word_1_12' title='bbox 1283 879 1307 963; x_wconf 70' lang='grc' dir='ltr'>ὲ·</span> <span class='ocrx_word' id='word_1_13' title='bbox 1334 877 1426 963; x_wconf 76' lang='lat' dir='ltr'>Pina</span> 
     </span>
     <span class='ocr_line' id='line_1_4' title="bbox 103 989 1426 1108; baseline -0.005 -32"><span class='ocrx_word' id='word_1_14' title='bbox 103 989 342 1102; x_wconf 71' lang='lat' dir='ltr'>spectatum,</span> <span class='ocrx_word' id='word_1_15' title='bbox 383 989 503 1075; x_wconf 86' lang='lat' dir='ltr'>visum</span> <span class='ocrx_word' id='word_1_16' title='bbox 542 993 690 1104; x_wconf 88' lang='lat' dir='ltr'>prorsus</span> <span class='ocrx_word' id='word_1_17' title='bbox 730 994 898 1108; x_wconf 84' lang='lat' dir='ltr'>fugere,</span> <span class='ocrx_word' id='word_1_18' title='bbox 954 1001 993 1078; x_wconf 74' lang='lat' dir='ltr'>dr</span> <span class='ocrx_word' id='word_1_19' title='bbox 1038 997 1076 1078; x_wconf 92' lang='lat' dir='ltr'>in</span> <span class='ocrx_word' id='word_1_20' title='bbox 1112 994 1215 1078; x_wconf 91' lang='lat' dir='ltr'>idem</span> <span class='ocrx_word' id='word_1_21' title='bbox 1243 993 1426 1105; x_wconf 65' lang='lat' dir='ltr'>pandum</span> 
     </span>
     <span class='ocr_line' id='line_1_5' title="bbox 102 1097 1423 1208; baseline -0.005 -26"><span class='ocrx_word' id='word_1_22' title='bbox 102 1098 268 1184; x_wconf 87' lang='lat' dir='ltr'>Iucidtun</span> <span class='ocrx_word' id='word_1_23' title='bbox 308 1097 493 1183; x_wconf 86' lang='lat' dir='ltr'>confundi</span> <span class='ocrx_word' id='word_1_24' title='bbox 530 1131 617 1185; x_wconf 92' lang='lat' dir='ltr'>curn</span> <span class='ocrx_word' id='word_1_25' title='bbox 653 1104 778 1202; x_wconf 81' lang='lat' dir='ltr'>Sole,</span> <span class='ocrx_word' id='word_1_26' title='bbox 838 1104 943 1208; x_wconf 81' lang='lat' dir='ltr'>cujus</span> <span class='ocrx_word' id='word_1_27' title='bbox 983 1103 1168 1186; x_wconf 85' lang='lat' dir='ltr'>diameter</span> <span class='ocrx_word' id='word_1_28' title='bbox 1209 1097 1423 1186; x_wconf 80' lang='lat' dir='ltr'>insensibilis</span> 
     </span>
     <span class='ocr_line' id='line_1_6' title="bbox 101 1201 1426 1322; baseline 0.003 -32"><span class='ocrx_word' id='word_1_29' title='bbox 101 1203 212 1305; x_wconf 79' lang='lat' dir='ltr'>fiet,</span> <span class='ocrx_word' id='word_1_30' title='bbox 263 1205 290 1290; x_wconf 83' lang='lat' dir='ltr'>fi</span> <span class='ocrx_word' id='word_1_31' title='bbox 331 1205 506 1292; x_wconf 66' lang='lat' dir='ltr'>distinen-</span> <span class='ocrx_word' id='word_1_32' title='bbox 540 1207 721 1320; x_wconf 72' lang='lat' dir='ltr'>spectetur</span> <span class='ocrx_word' id='word_1_33' title='bbox 763 1217 803 1296; x_wconf 90' lang='lat'><strong>&amp;</strong></span> <span class='ocrx_word' id='word_1_34' title='bbox 845 1211 1000 1295; x_wconf 87' lang='lat' dir='ltr'>orbatus</span> <span class='ocrx_word' id='word_1_35' title='bbox 1047 1211 1273 1322; x_wconf 85' lang='lat' dir='ltr'>capillitio,</span> <span class='ocrx_word' id='word_1_36' title='bbox 1320 1201 1426 1318; x_wconf 66' lang='lat' dir='ltr'>quali</span> 
     </span>
     <span class='ocr_line' id='line_1_7' title="bbox 101 1317 1425 1419; baseline -0.005 -22"><span class='ocrx_word' id='word_1_37' title='bbox 101 1317 200 1398; x_wconf 69' lang='lat' dir='ltr'><strong>Jixae</strong></span> <span class='ocrx_word' id='word_1_38' title='bbox 228 1317 430 1419; x_wconf 62' lang='lat' dir='ltr'>Tenioiis</span> <span class='ocrx_word' id='word_1_39' title='bbox 461 1320 589 1400; x_wconf 66' lang='lat' dir='ltr'>cincta</span> <span class='ocrx_word' id='word_1_40' title='bbox 618 1319 806 1402; x_wconf 88' lang='lat' dir='ltr'>videntur.</span> <span class='ocrx_word' id='word_1_41' title='bbox 888 1325 996 1403; x_wconf 85' lang='lat' dir='ltr'>Nam</span> <span class='ocrx_word' id='word_1_42' title='bbox 1026 1317 1111 1401; x_wconf 79' lang='lat' dir='ltr'>ciam</span> <span class='ocrx_word' id='word_1_43' title='bbox 1146 1319 1310 1402; x_wconf 73' lang='lat' dir='ltr'>Planetae</span> <span class='ocrx_word' id='word_1_44' title='bbox 1340 1341 1425 1396; x_wconf 88' lang='lat' dir='ltr'>om-</span> 
     </span>
     <span class='ocr_line' id='line_1_8' title="bbox 99 1421 1421 1538; baseline -0.006 -32"><span class='ocrx_word' id='word_1_45' title='bbox 99 1451 165 1506; x_wconf 85' lang='lat' dir='ltr'>nes</span> <span class='ocrx_word' id='word_1_46' title='bbox 211 1421 234 1506; x_wconf 78' lang='grc' dir='ltr'>ὲ</span> <span class='ocrx_word' id='word_1_47' title='bbox 276 1427 446 1507; x_wconf 86' lang='lat' dir='ltr'>Cometa</span> <span class='ocrx_word' id='word_1_48' title='bbox 487 1427 526 1508; x_wconf 91' lang='lat' dir='ltr'>in</span> <span class='ocrx_word' id='word_1_49' title='bbox 569 1425 738 1535; x_wconf 83' lang='lat' dir='ltr'>Aphelio</span> <span class='ocrx_word' id='word_1_50' title='bbox 772 1425 895 1537; x_wconf 76' lang='lat' dir='ltr'>posito</span> <span class='ocrx_word' id='word_1_51' title='bbox 926 1453 1080 1538; x_wconf 85' lang='lat' dir='ltr'>propter</span> <span class='ocrx_word' id='word_1_52' title='bbox 1113 1427 1211 1510; x_wconf 74' lang='lat' dir='ltr'>soris</span> <span class='ocrx_word' id='word_1_53' title='bbox 1241 1425 1421 1508; x_wconf 87' lang='lat' dir='ltr'>viciniam</span> 
     </span>
     <span class='ocr_line' id='line_1_9' title="bbox 99 1529 1526 1646; baseline 0 -34"><span class='ocrx_word' id='word_1_54' title='bbox 99 1529 224 1614; x_wconf 89' lang='lat' dir='ltr'>videri</span> <span class='ocrx_word' id='word_1_55' title='bbox 248 1557 442 1644; x_wconf 87' lang='lat' dir='ltr'>nequeant</span> <span class='ocrx_word' id='word_1_56' title='bbox 466 1563 482 1620; x_wconf 68' lang='lat' dir='ltr'>a</span> <span class='ocrx_word' id='word_1_57' title='bbox 518 1561 666 1646; x_wconf 86' lang='lat' dir='ltr'>quanto</span> <span class='ocrx_word' id='word_1_58' title='bbox 693 1537 813 1646; x_wconf 77' lang='lat' dir='ltr'>magis</span> <span class='ocrx_word' id='word_1_59' title='bbox 840 1563 887 1616; x_wconf 87' lang='lat' dir='ltr'>ex</span> <span class='ocrx_word' id='word_1_60' title='bbox 915 1548 1003 1617; x_wconf 89' lang='lat' dir='ltr'>tam&#39;</span> <span class='ocrx_word' id='word_1_61' title='bbox 1023 1529 1203 1616; x_wconf 90' lang='lat' dir='ltr'>immensa</span> <span class='ocrx_word' id='word_1_62' title='bbox 1231 1533 1427 1621; x_wconf 67' lang='lat' dir='ltr'>distantia&gt;</span> <span class='ocrx_word' id='word_1_63' title='bbox 1525 1545 1526 1548; x_wconf 67' lang='lat'>‘</span> 
     </span>
     <span class='ocr_line' id='line_1_10' title="bbox 97 1639 1487 1750; baseline -0.001 -28"><span class='ocrx_word' id='word_1_64' title='bbox 97 1639 223 1750; x_wconf 82' lang='lat' dir='ltr'>qualis</span> <span class='ocrx_word' id='word_1_65' title='bbox 250 1641 302 1722; x_wconf 89' lang='lat' dir='ltr'>est</span> <span class='ocrx_word' id='word_1_66' title='bbox 341 1667 388 1721; x_wconf 93' lang='lat' dir='ltr'>ea</span> <span class='ocrx_word' id='word_1_67' title='bbox 431 1640 648 1740; x_wconf 74' lang='lat' dir='ltr'>Fixamm,</span> <span class='ocrx_word' id='word_1_68' title='bbox 697 1641 899 1726; x_wconf 80' lang='lat' dir='ltr'>invisibiles</span> <span class='ocrx_word' id='word_1_69' title='bbox 935 1642 1177 1726; x_wconf 83' lang='lat' dir='ltr'>redderentur</span> <span class='ocrx_word' id='word_1_70' title='bbox 1215 1644 1236 1723; x_wconf 67' lang='grc' dir='ltr'><em>ἲ</em></span> <span class='ocrx_word' id='word_1_71' title='bbox 1289 1639 1417 1723; x_wconf 82' lang='lat' dir='ltr'>Posito</span> <span class='ocrx_word' id='word_1_72' title='bbox 1468 1648 1487 1664; x_wconf 86' lang='grc'>““</span> 
     </span>
     <span class='ocr_line' id='line_1_11' title="bbox 97 1743 1428 1862; baseline 0.003 -34"><span class='ocrx_word' id='word_1_73' title='bbox 97 1750 202 1830; x_wconf 88' lang='lat' dir='ltr'>enim</span> <span class='ocrx_word' id='word_1_74' title='bbox 244 1747 455 1830; x_wconf 75' lang='lat' dir='ltr'>Paraliaxin</span> <span class='ocrx_word' id='word_1_75' title='bbox 480 1752 608 1862; x_wconf 86' lang='lat' dir='ltr'>magni</span> <span class='ocrx_word' id='word_1_76' title='bbox 640 1751 755 1834; x_wconf 83' lang='lat' dir='ltr'>Orbis</span> <span class='ocrx_word' id='word_1_77' title='bbox 798 1748 907 1850; x_wconf 83' lang='lat' dir='ltr'>(five</span> <span class='ocrx_word' id='word_1_78' title='bbox 931 1750 953 1832; x_wconf 79' lang='grc' dir='ltr'>ὲ</span> <span class='ocrx_word' id='word_1_79' title='bbox 982 1753 1072 1833; x_wconf 84' lang='lat' dir='ltr'>Fixa</span> <span class='ocrx_word' id='word_1_80' title='bbox 1101 1743 1220 1833; x_wconf 82' lang='lat' dir='ltr'>visam</span> <span class='ocrx_word' id='word_1_81' title='bbox 1249 1745 1428 1832; x_wconf 72' lang='lat' dir='ltr'>semidia-</span> 
     </span>
     <span class='ocr_line' id='line_1_12' title="bbox 96 1854 1422 1970; baseline -0.001 -30"><span class='ocrx_word' id='word_1_82' title='bbox 96 1880 260 1940; x_wconf 88' lang='lat' dir='ltr'>metrum</span> <span class='ocrx_word' id='word_1_83' title='bbox 286 1857 415 1968; x_wconf 87' lang='lat' dir='ltr'>magni</span> <span class='ocrx_word' id='word_1_84' title='bbox 440 1857 554 1940; x_wconf 83' lang='lat' dir='ltr'>Orbis</span> <span class='ocrx_word' id='word_1_85' title='bbox 569 1861 592 1955; x_wconf 89' lang='lat'>)·</span> <span class='ocrx_word' id='word_1_86' title='bbox 630 1859 812 1970; x_wconf 75' lang='lat' dir='ltr'>aqualem</span> <span class='ocrx_word' id='word_1_87' title='bbox 841 1854 913 1940; x_wconf 84' lang='lat' dir='ltr'>esse</span> <span class='ocrx_word' id='word_1_88' title='bbox 941 1857 1125 1941; x_wconf 84' lang='lat' dir='ltr'>Parallaxi</span> <span class='ocrx_word' id='word_1_89' title='bbox 1151 1856 1249 1939; x_wconf 87' lang='lat' dir='ltr'>Solis</span> <span class='ocrx_word' id='word_1_90' title='bbox 1277 1855 1299 1939; x_wconf 82' lang='grc' dir='ltr'>ὲ</span> <span class='ocrx_word' id='word_1_91' title='bbox 1329 1861 1422 1939; x_wconf 84' lang='lat' dir='ltr'>Ter-</span> 
     </span>
     <span class='ocr_line' id='line_1_13' title="bbox 95 1957 1423 2076; baseline 0.002 -30"><span class='ocrx_word' id='word_1_92' title='bbox 95 1991 139 2046; x_wconf 89' lang='lat' dir='ltr'>ra</span> <span class='ocrx_word' id='word_1_93' title='bbox 181 1961 257 2045; x_wconf 89' lang='lat' dir='ltr'>visr</span> <span class='ocrx_word' id='word_1_94' title='bbox 293 1969 310 2062; x_wconf 66' lang='lat' dir='ltr'>i</span> <span class='ocrx_word' id='word_1_95' title='bbox 323 1991 447 2074; x_wconf 80' lang='lat' dir='ltr'>neque</span> <span class='ocrx_word' id='word_1_96' title='bbox 488 1967 570 2048; x_wconf 79' lang='lat' dir='ltr'>ulla</span> <span class='ocrx_word' id='word_1_97' title='bbox 596 1960 679 2050; x_wconf 88' lang='lat' dir='ltr'>sunt</span> <span class='ocrx_word' id='word_1_98' title='bbox 706 1957 993 2050; x_wconf 81' lang='lat' dir='ltr'>bbservationcs</span> <span class='ocrx_word' id='word_1_99' title='bbox 1022 1993 1107 2076; x_wconf 80' lang='lat' dir='ltr'>quae</span> <span class='ocrx_word' id='word_1_100' title='bbox 1134 1967 1319 2069; x_wconf 72' lang='lat' dir='ltr'>maiorem</span> <span class='ocrx_word' id='word_1_101' title='bbox 1348 1963 1423 2049; x_wconf 81' lang='lat' dir='ltr'>effe</span> 
     </span>
     <span class='ocr_line' id='line_1_14' title="bbox 92 2071 1429 2264; baseline 0.002 -110"><span class='ocrx_word' id='word_1_102' title='bbox 92 2073 311 2167; x_wconf 22' lang='lat' dir='ltr'>euincantr)</span> <span class='ocrx_word' id='word_1_103' title='bbox 351 2071 449 2154; x_wconf 87' lang='lat' dir='ltr'>Solis</span> <span class='ocrx_word' id='word_1_104' title='bbox 472 2071 657 2157; x_wconf 73' lang='lat' dir='ltr'>diameter</span> <span class='ocrx_word' id='word_1_105' title='bbox 686 2073 862 2184; x_wconf 75' lang='lat' dir='ltr'>angulum</span> <span class='ocrx_word' id='word_1_106' title='bbox 893 2134 907 2173; x_wconf 86' lang='lat'>,</span> <span class='ocrx_word' id='word_1_107' title='bbox 954 2073 1007 2155; x_wconf 85' lang='lat' dir='ltr'>ad</span> <span class='ocrx_word' id='word_1_108' title='bbox 1034 2077 1206 2171; x_wconf 81' lang='lat' dir='ltr'>Fixatn,</span> <span class='ocrx_word' id='word_1_109' title='bbox 1249 2073 1429 2264; x_wconf 63' lang='lat' dir='ltr'>quimppe·</span> 
     </span>
    </p>
   </div>
   <div class='ocr_carea' id='block_1_3' title="bbox 88 2177 1437 2416">
    <p class='ocr_par' dir='ltr' id='par_1_3' title="bbox 88 2177 1437 2416">
     <span class='ocr_line' id='line_1_15' title="bbox 92 2177 1437 2370; baseline 0 -108"><span class='ocrx_word' id='word_1_110' title='bbox 92 2177 218 2370; x_wconf 88' lang='lat' dir='ltr'>scrup.</span> <span class='ocrx_word' id='word_1_111' title='bbox 246 2180 443 2286; x_wconf 89' lang='lat' dir='ltr'>tertiorum</span> <span class='ocrx_word' id='word_1_112' title='bbox 470 2178 750 2270; x_wconf 79' lang='lat' dir='ltr'>vin.subtendit</span> <span class='ocrx_word' id='word_1_113' title='bbox 777 2241 791 2279; x_wconf 84' lang='lat'>‚</span> <span class='ocrx_word' id='word_1_114' title='bbox 834 2186 874 2264; x_wconf 75' lang='lat' dir='ltr'>bt</span> <span class='ocrx_word' id='word_1_115' title='bbox 901 2184 1079 2266; x_wconf 84' lang='lat' dir='ltr'>Satumus</span> <span class='ocrx_word' id='word_1_116' title='bbox 1105 2179 1237 2265; x_wconf 77' lang='lat' dir='ltr'>aS‘ole</span> <span class='ocrx_word' id='word_1_117' title='bbox 1267 2209 1334 2291; x_wconf 94' lang='lat' dir='ltr'>per</span> <span class='ocrx_word' id='word_1_118' title='bbox 1402 2231 1437 2285; x_wconf 87' lang='lat'>·.</span> 
     </span>
     <span class='ocr_line' id='line_1_16' title="bbox 88 2287 1421 2416; baseline 0 -43"><span class='ocrx_word' id='word_1_119' title='bbox 88 2307 147 2373; x_wconf 83' lang='lat' dir='ltr'>na</span> <span class='ocrx_word' id='word_1_120' title='bbox 191 2287 345 2398; x_wconf 76' lang='lat' dir='ltr'>crapula</span> <span class='ocrx_word' id='word_1_121' title='bbox 373 2289 495 2415; x_wconf 72' lang='lat' dir='ltr'>prima</span> <span class='ocrx_word' id='word_1_122' title='bbox 521 2319 716 2401; x_wconf 91' lang='lat' dir='ltr'>nunquam</span> <span class='ocrx_word' id='word_1_123' title='bbox 742 2289 999 2416; x_wconf 80' lang='lat' dir='ltr'>elongabitur..</span> <span class='ocrx_word' id='word_1_124' title='bbox 1076 2295 1264 2372; x_wconf 81' lang='lat' dir='ltr'>Praeterea·</span> <span class='ocrx_word' id='word_1_125' title='bbox 1287 2289 1421 2373; x_wconf 77' lang='lat' dir='ltr'>Plane-</span> 
     </span>
    </p>
   </div>
   <div class='ocr_carea' id='block_1_4' title="bbox 87 2395 1427 2834">
    <p class='ocr_par' dir='ltr' id='par_1_4' title="bbox 87 2395 1427 2834">
     <span class='ocr_line' id='line_1_17' title="bbox 91 2395 1421 2482; baseline -0.001 -1"><span class='ocrx_word' id='word_1_126' title='bbox 91 2421 222 2480; x_wconf 89' lang='lat' dir='ltr'>tarum</span> <span class='ocrx_word' id='word_1_127' title='bbox 262 2400 519 2480; x_wconf 88' lang='lat' dir='ltr'>mutuantium</span> <span class='ocrx_word' id='word_1_128' title='bbox 550 2397 675 2480; x_wconf 85' lang='lat' dir='ltr'>lumen</span> <span class='ocrx_word' id='word_1_129' title='bbox 712 2395 952 2482; x_wconf 70' lang='lat' dir='ltr'>iradrorum</span> <span class='ocrx_word' id='word_1_130' title='bbox 989 2399 1176 2481; x_wconf 88' lang='lat' dir='ltr'>Solarium</span> <span class='ocrx_word' id='word_1_131' title='bbox 1207 2399 1421 2480; x_wconf 73' lang='lat' dir='ltr'>refledion‘e</span> 
     </span>
     <span class='ocr_line' id='line_1_18' title="bbox 90 2501 1418 2604; baseline -0.001 -16"><span class='ocrx_word' id='word_1_132' title='bbox 90 2503 300 2588; x_wconf 80' lang='lat' dir='ltr'>oriumdum</span> <span class='ocrx_word' id='word_1_133' title='bbox 331 2501 425 2586; x_wconf 75' lang='lat' dir='ltr'>uisui</span> <span class='ocrx_word' id='word_1_134' title='bbox 457 2559 469 2588; x_wconf 82' lang='lat'>‚</span> <span class='ocrx_word' id='word_1_135' title='bbox 510 2508 638 2590; x_wconf 86' lang='lat' dir='ltr'>nostro</span> <span class='ocrx_word' id='word_1_136' title='bbox 664 2505 775 2588; x_wconf 81' lang='lat' dir='ltr'>simili</span> <span class='ocrx_word' id='word_1_137' title='bbox 801 2563 815 2604; x_wconf 83' lang='grc'>,</span> <span class='ocrx_word' id='word_1_138' title='bbox 855 2506 893 2588; x_wconf 90' lang='lat' dir='ltr'>in</span> <span class='ocrx_word' id='word_1_139' title='bbox 918 2531 998 2588; x_wconf 88' lang='lat' dir='ltr'>tam</span> <span class='ocrx_word' id='word_1_140' title='bbox 1021 2501 1202 2589; x_wconf 80' lang='lat' dir='ltr'>immcnfa</span> <span class='ocrx_word' id='word_1_141' title='bbox 1229 2505 1418 2603; x_wconf 80' lang='lat' dir='ltr'>distantia,</span> 
     </span>
     <span class='ocr_line' id='line_1_19' title="bbox 89 2609 1424 2724; baseline -0.008 -25"><span class='ocrx_word' id='word_1_142' title='bbox 89 2611 296 2699; x_wconf 81' lang='lat' dir='ltr'>movendo</span> <span class='ocrx_word' id='word_1_143' title='bbox 339 2609 484 2722; x_wconf 84' lang='lat' dir='ltr'>prorsus</span> <span class='ocrx_word' id='word_1_144' title='bbox 523 2616 611 2696; x_wconf 84' lang='lat' dir='ltr'>erit·</span> <span class='ocrx_word' id='word_1_145' title='bbox 632 2616 754 2724; x_wconf 85' lang='lat' dir='ltr'>impar</span> <span class='ocrx_word' id='word_1_146' title='bbox 782 2649 800 2704; x_wconf 69' lang='lat' dir='ltr'>e</span> <span class='ocrx_word' id='word_1_147' title='bbox 832 2619 879 2696; x_wconf 75' lang='lat' dir='ltr'>oc</span> <span class='ocrx_word' id='word_1_148' title='bbox 912 2615 1003 2696; x_wconf 88' lang='lat' dir='ltr'>licet</span> <span class='ocrx_word' id='word_1_149' title='bbox 1042 2610 1183 2696; x_wconf 83' lang='lat' dir='ltr'>sensum</span> <span class='ocrx_word' id='word_1_150' title='bbox 1228 2637 1424 2710; x_wconf 82' lang='lat' dir='ltr'>moveret,.</span> 
     </span>
     <span class='ocr_line' id='line_1_20' title="bbox 87 2716 1427 2834; baseline -0.004 -27"><span class='ocrx_word' id='word_1_151' title='bbox 87 2723 198 2807; x_wconf 84' lang='lat' dir='ltr'>Solis</span> <span class='ocrx_word' id='word_1_152' title='bbox 238 2719 374 2831; x_wconf 88' lang='lat' dir='ltr'>species</span> <span class='ocrx_word' id='word_1_153' title='bbox 407 2722 446 2803; x_wconf 92' lang='lat' dir='ltr'>in</span> <span class='ocrx_word' id='word_1_154' title='bbox 481 2718 798 2804; x_wconf 88' lang='lat' dir='ltr'>semidiametrum</span> <span class='ocrx_word' id='word_1_155' title='bbox 838 2720 924 2802; x_wconf 90' lang='lat' dir='ltr'>huic</span> <span class='ocrx_word' id='word_1_156' title='bbox 952 2721 1136 2834; x_wconf 78' lang='lat' dir='ltr'>aqualem</span> <span class='ocrx_word' id='word_1_157' title='bbox 1164 2719 1355 2805; x_wconf 81' lang='lat' dir='ltr'>videretur</span> <span class='ocrx_word' id='word_1_158' title='bbox 1382 2716 1427 2802; x_wconf 89' lang='lat' dir='ltr'>se·</span> 
     </span>
    </p>
   </div>
   <div class='ocr_carea' id='block_1_5' title="bbox 80 2825 1520 3778">
    <p class='ocr_par' dir='ltr' id='par_1_5' title="bbox 80 2825 1520 3778">
     <span class='ocr_line' id='line_1_21' title="bbox 84 2825 1426 2940; baseline -0.003 -26"><span class='ocrx_word' id='word_1_159' title='bbox 84 2827 341 2928; x_wconf 79' lang='lat' dir='ltr'>extendere,</span> <span class='ocrx_word' id='word_1_160' title='bbox 387 2827 478 2912; x_wconf 90' lang='lat' dir='ltr'>srcut</span> <span class='ocrx_word' id='word_1_161' title='bbox 518 2829 742 2939; x_wconf 86' lang='lat' dir='ltr'>corporibus</span> <span class='ocrx_word' id='word_1_162' title='bbox 779 2825 971 2940; x_wconf 76' lang='lat' dir='ltr'>quibusvis</span> <span class='ocrx_word' id='word_1_163' title='bbox 1007 2828 1138 2911; x_wconf 85' lang='lat' dir='ltr'>lucidis</span> <span class='ocrx_word' id='word_1_164' title='bbox 1166 2829 1352 2938; x_wconf 84' lang='lat' dir='ltr'>contingit</span> <span class='ocrx_word' id='word_1_165' title='bbox 1379 2833 1426 2910; x_wconf 77' lang='grc' dir='ltr'>δι·</span> 
     </span>
     <span class='ocr_line' id='line_1_22' title="bbox 85 2932 1425 3048; baseline -0.008 -28"><span class='ocrx_word' id='word_1_166' title='bbox 85 2937 292 3048; x_wconf 84' lang='lat' dir='ltr'>speciatim</span> <span class='ocrx_word' id='word_1_167' title='bbox 335 2936 432 3019; x_wconf 77' lang='lat' dir='ltr'>Finis</span> <span class='ocrx_word' id='word_1_168' title='bbox 472 2935 643 3020; x_wconf 59' lang='lat' dir='ltr'>&amp;Terra</span> <span class='ocrx_word' id='word_1_169' title='bbox 677 2932 881 3048; x_wconf 67' lang='lat' dir='ltr'>spedatiar</span> <span class='ocrx_word' id='word_1_170' title='bbox 925 2935 1028 3020; x_wconf 87' lang='lat' dir='ltr'>unde</span> <span class='ocrx_word' id='word_1_171' title='bbox 1054 2939 1099 3018; x_wconf 91' lang='lat' dir='ltr'>in·</span> <span class='ocrx_word' id='word_1_172' title='bbox 1121 2935 1223 3018; x_wconf 88' lang='lat' dir='ltr'>idem</span> <span class='ocrx_word' id='word_1_173' title='bbox 1251 2934 1425 3018; x_wconf 85' lang='lat' dir='ltr'>lucidum:</span> 
     </span>
     <span class='ocr_line' id='line_1_23' title="bbox 84 3042 1424 3155; baseline -0.003 -27"><span class='ocrx_word' id='word_1_174' title='bbox 84 3072 236 3155; x_wconf 88' lang='lat' dir='ltr'>corpus</span> <span class='ocrx_word' id='word_1_175' title='bbox 268 3042 517 3126; x_wconf 71' lang='lat' dir='ltr'>coalescerent</span> <span class='ocrx_word' id='word_1_176' title='bbox 575 3045 649 3130; x_wconf 85' lang='lat' dir='ltr'>uasr</span> <span class='ocrx_word' id='word_1_177' title='bbox 682 3081 690 3126; x_wconf 93' lang='lat'>:</span> <span class='ocrx_word' id='word_1_178' title='bbox 743 3043 914 3147; x_wconf 84' lang='lat' dir='ltr'>Ideoque</span> <span class='ocrx_word' id='word_1_179' title='bbox 944 3043 1101 3128; x_wconf 80' lang='lat' dir='ltr'>viciffrm</span> <span class='ocrx_word' id='word_1_180' title='bbox 1129 3045 1292 3125; x_wconf 71' lang='lat' dir='ltr'>Planetae</span> <span class='ocrx_word' id='word_1_181' title='bbox 1322 3044 1424 3125; x_wconf 84' lang='lat' dir='ltr'>circa</span> 
     </span>
     <span class='ocr_line' id='line_1_24' title="bbox 83 3075 1425 3260; baseline -0.005 -24"><span class='ocrx_word' id='word_1_182' title='bbox 83 3153 208 3236; x_wconf 77' lang='lat' dir='ltr'>Soles</span> <span class='ocrx_word' id='word_1_183' title='bbox 246 3152 337 3234; x_wconf 76' lang='lat' dir='ltr'>istos</span> <span class='ocrx_word' id='word_1_184' title='bbox 377 3154 492 3234; x_wconf 79' lang='lat' dir='ltr'>notati</span> <span class='ocrx_word' id='word_1_185' title='bbox 523 3075 829 3237; x_wconf 68' lang='lat' dir='ltr'>observationem</span> <span class='ocrx_word' id='word_1_186' title='bbox 856 3152 1021 3232; x_wconf 83' lang='lat' dir='ltr'>nostram</span> <span class='ocrx_word' id='word_1_187' title='bbox 1048 3149 1230 3260; x_wconf 82' lang='lat' dir='ltr'>effugiunt</span> <span class='ocrx_word' id='word_1_188' title='bbox 1259 3151 1425 3256; x_wconf 85' lang='lat' dir='ltr'>penitus..</span> 
     </span>
     <span class='ocr_line' id='line_1_25' title="bbox 82 3257 1425 3372; baseline -0.008 -26"><span class='ocrx_word' id='word_1_189' title='bbox 82 3260 271 3346; x_wconf 84' lang='lat' dir='ltr'>Dubium</span> <span class='ocrx_word' id='word_1_190' title='bbox 296 3287 375 3342; x_wconf 95' lang='lat' dir='ltr'>non</span> <span class='ocrx_word' id='word_1_191' title='bbox 401 3259 453 3342; x_wconf 91' lang='lat' dir='ltr'>est</span> <span class='ocrx_word' id='word_1_192' title='bbox 483 3261 613 3372; x_wconf 81' lang='lat' dir='ltr'>qtrin,</span> <span class='ocrx_word' id='word_1_193' title='bbox 656 3259 782 3344; x_wconf 87' lang='lat' dir='ltr'>Oculo</span> <span class='ocrx_word' id='word_1_194' title='bbox 805 3259 843 3339; x_wconf 94' lang='lat' dir='ltr'>in</span> <span class='ocrx_word' id='word_1_195' title='bbox 876 3259 966 3338; x_wconf 87' lang='lat' dir='ltr'>Fixa</span> <span class='ocrx_word' id='word_1_196' title='bbox 994 3259 1119 3368; x_wconf 65' lang='lat' dir='ltr'>aiiqua</span> <span class='ocrx_word' id='word_1_197' title='bbox 1149 3263 1242 3356; x_wconf 85' lang='lat' dir='ltr'>(aut</span> <span class='ocrx_word' id='word_1_198' title='bbox 1264 3257 1425 3336; x_wconf 79' lang='lat' dir='ltr'>Planeta</span> 
     </span>
     <span class='ocr_line' id='line_1_26' title="bbox 85 3363 1428 3474; baseline -0.009 -20"><span class='ocrx_word' id='word_1_199' title='bbox 85 3373 201 3454; x_wconf 87' lang='lat' dir='ltr'>circa·</span> <span class='ocrx_word' id='word_1_200' title='bbox 228 3365 332 3452; x_wconf 86' lang='lat' dir='ltr'>illam</span> <span class='ocrx_word' id='word_1_201' title='bbox 360 3367 568 3464; x_wconf 86' lang='lat' dir='ltr'>revoluto)</span> <span class='ocrx_word' id='word_1_202' title='bbox 624 3366 753 3464; x_wconf 83' lang='lat' dir='ltr'>osrto,</span> <span class='ocrx_word' id='word_1_203' title='bbox 795 3365 1022 3474; x_wconf 87' lang='lat' dir='ltr'>reliquarum</span> <span class='ocrx_word' id='word_1_204' title='bbox 1044 3363 1284 3446; x_wconf 86' lang='lat' dir='ltr'>circumcirca</span> <span class='ocrx_word' id='word_1_205' title='bbox 1311 3363 1428 3443; x_wconf 78' lang='lat' dir='ltr'>Fixa-</span> 
     </span>
     <span class='ocr_line' id='line_1_27' title="bbox 83 3397 1427 3581; baseline -0.013 -19"><span class='ocrx_word' id='word_1_206' title='bbox 83 3506 178 3562; x_wconf 86' lang='lat' dir='ltr'>rum</span> <span class='ocrx_word' id='word_1_207' title='bbox 219 3473 329 3556; x_wconf 91' lang='lat' dir='ltr'>Ordo</span> <span class='ocrx_word' id='word_1_208' title='bbox 369 3481 409 3558; x_wconf 78' lang='grc' dir='ltr'>δι</span> <span class='ocrx_word' id='word_1_209' title='bbox 444 3397 788 3565; x_wconf 65' lang='lat' dir='ltr'>Consteliarionum</span> <span class='ocrx_word' id='word_1_210' title='bbox 830 3473 971 3581; x_wconf 72' lang='lat' dir='ltr'>figurae</span> <span class='ocrx_word' id='word_1_211' title='bbox 1005 3467 1151 3554; x_wconf 82' lang='lat' dir='ltr'>diversa</span> <span class='ocrx_word' id='word_1_212' title='bbox 1181 3469 1250 3552; x_wconf 88' lang='lat' dir='ltr'>srnt</span> <span class='ocrx_word' id='word_1_213' title='bbox 1274 3463 1427 3579; x_wconf 85' lang='lat' dir='ltr'>prorsus:</span> 
     </span>
     <span class='ocr_line' id='line_1_28' title="bbox 82 3575 1520 3771; baseline -0.008 -102"><span class='ocrx_word' id='word_1_214' title='bbox 82 3585 141 3669; x_wconf 90' lang='lat' dir='ltr'>ab</span> <span class='ocrx_word' id='word_1_215' title='bbox 175 3581 291 3680; x_wconf 84' lang='lat' dir='ltr'>illis,</span> <span class='ocrx_word' id='word_1_216' title='bbox 320 3611 417 3771; x_wconf 71' lang='lat' dir='ltr'>cpua</span> <span class='ocrx_word' id='word_1_217' title='bbox 447 3612 518 3669; x_wconf 86' lang='lat' dir='ltr'>nos</span> <span class='ocrx_word' id='word_1_218' title='bbox 545 3580 748 3698; x_wconf 66' lang='lat' dir='ltr'>spectamus</span> <span class='ocrx_word' id='word_1_219' title='bbox 777 3612 795 3669; x_wconf 70' lang='grc' dir='ltr'>ς,</span> <span class='ocrx_word' id='word_1_220' title='bbox 825 3583 965 3696; x_wconf 90' lang='lat' dir='ltr'>quippe</span> <span class='ocrx_word' id='word_1_221' title='bbox 992 3582 1053 3664; x_wconf 89' lang='lat' dir='ltr'>cui</span> <span class='ocrx_word' id='word_1_222' title='bbox 1083 3577 1150 3663; x_wconf 88' lang='lat' dir='ltr'>Sol</span> <span class='ocrx_word' id='word_1_223' title='bbox 1177 3579 1302 3662; x_wconf 86' lang='lat' dir='ltr'>noster</span> <span class='ocrx_word' id='word_1_224' title='bbox 1326 3575 1429 3660; x_wconf 84' lang='lat' dir='ltr'>Stel-</span> <span class='ocrx_word' id='word_1_225' title='bbox 1516 3683 1520 3695; x_wconf 21' lang='grc' dir='ltr'>ι</span> 
     </span>
     <span class='ocr_line' id='line_1_29' title="bbox 80 3691 429 3778; baseline -0.006 -2"><span class='ocrx_word' id='word_1_226' title='bbox 80 3695 130 3778; x_wconf 85' lang='lat' dir='ltr'>la</span> <span class='ocrx_word' id='word_1_227' title='bbox 155 3692 253 3774; x_wconf 77' lang='lat' dir='ltr'>Fixa</span> <span class='ocrx_word' id='word_1_228' title='bbox 278 3691 318 3774; x_wconf 89' lang='lat' dir='ltr'>vi</span> <span class='ocrx_word' id='word_1_229' title='bbox 347 3714 429 3776; x_wconf 81' lang='lat' dir='ltr'>etur</span> 
     </span>
    </p>
   </div>
   <div class='ocr_carea' id='block_1_6' title="bbox 79 3899 1431 4454">
    <p class='ocr_par' dir='ltr' id='par_1_6' title="bbox 79 3899 1431 4454">
     <span class='ocr_line' id='line_1_30' title="bbox 145 3899 1426 3994; baseline -0.009 0"><span class='ocrx_word' id='word_1_230' title='bbox 145 3902 340 3994; x_wconf 84' lang='lat' dir='ltr'>Immensa</span> <span class='ocrx_word' id='word_1_231' title='bbox 379 3931 504 3990; x_wconf 88' lang='lat' dir='ltr'>autem</span> <span class='ocrx_word' id='word_1_232' title='bbox 546 3907 614 3990; x_wconf 87' lang='lat' dir='ltr'>ista</span> <span class='ocrx_word' id='word_1_233' title='bbox 655 3903 734 3989; x_wconf 77' lang='lat' dir='ltr'>five</span> <span class='ocrx_word' id='word_1_234' title='bbox 769 3910 943 3990; x_wconf 79' lang='lat' dir='ltr'>Fi&#39;xarum</span> <span class='ocrx_word' id='word_1_235' title='bbox 970 3903 1049 3987; x_wconf 80' lang='lat' dir='ltr'>five</span> <span class='ocrx_word' id='word_1_236' title='bbox 1075 3903 1221 3988; x_wconf 85' lang='lat' dir='ltr'>Solium</span> <span class='ocrx_word' id='word_1_237' title='bbox 1246 3899 1426 3986; x_wconf 66' lang='lat' dir='ltr'>distantia·</span> 
     </span>
     <span class='ocr_line' id='line_1_31' title="bbox 79 4009 1426 4126; baseline -0.01 -23"><span class='ocrx_word' id='word_1_238' title='bbox 79 4019 108 4103; x_wconf 75' lang='lat' dir='ltr'>ai</span> <span class='ocrx_word' id='word_1_239' title='bbox 143 4009 188 4100; x_wconf 88' lang='lat' dir='ltr'>se</span> <span class='ocrx_word' id='word_1_240' title='bbox 233 4037 364 4097; x_wconf 92' lang='lat' dir='ltr'>mutuo</span> <span class='ocrx_word' id='word_1_241' title='bbox 396 4015 450 4098; x_wconf 93' lang='lat' dir='ltr'>im</span> <span class='ocrx_word' id='word_1_242' title='bbox 500 4013 555 4098; x_wconf 90' lang='lat' dir='ltr'>dir</span> <span class='ocrx_word' id='word_1_243' title='bbox 592 4044 673 4126; x_wconf 92' lang='lat' dir='ltr'>quo</span> <span class='ocrx_word' id='word_1_244' title='bbox 710 4014 831 4096; x_wconf 82' lang='lat' dir='ltr'>minus</span> <span class='ocrx_word' id='word_1_245' title='bbox 873 4016 1053 4096; x_wconf 86' lang='lat' dir='ltr'>immania</span> <span class='ocrx_word' id='word_1_246' title='bbox 1086 4013 1170 4094; x_wconf 79' lang='lat' dir='ltr'>hac</span> <span class='ocrx_word' id='word_1_247' title='bbox 1193 4015 1356 4120; x_wconf 88' lang='lat' dir='ltr'>corpora</span> <span class='ocrx_word' id='word_1_248' title='bbox 1381 4011 1426 4089; x_wconf 90' lang='lat' dir='ltr'>in</span> 
     </span>
     <span class='ocr_line' id='line_1_32' title="bbox 81 4043 1427 4234; baseline -0.006 -30"><span class='ocrx_word' id='word_1_249' title='bbox 81 4121 126 4212; x_wconf 86' lang='lat' dir='ltr'>se</span> <span class='ocrx_word' id='word_1_250' title='bbox 157 4121 332 4204; x_wconf 84' lang='lat' dir='ltr'>invicem</span> <span class='ocrx_word' id='word_1_251' title='bbox 369 4181 383 4219; x_wconf 83' lang='lat'>,</span> <span class='ocrx_word' id='word_1_252' title='bbox 423 4043 672 4234; x_wconf 61' lang='lat' dir='ltr'>Piinetasque</span> <span class='ocrx_word' id='word_1_253' title='bbox 702 4121 752 4223; x_wconf 88' lang='lat' dir='ltr'>(st</span> <span class='ocrx_word' id='word_1_254' title='bbox 780 4151 865 4204; x_wconf 87' lang='lat' dir='ltr'>cum</span> <span class='ocrx_word' id='word_1_255' title='bbox 893 4121 964 4202; x_wconf 81' lang='lat' dir='ltr'>iliis</span> <span class='ocrx_word' id='word_1_256' title='bbox 988 4117 1230 4206; x_wconf 82' lang='lat' dir='ltr'>conferantur</span> <span class='ocrx_word' id='word_1_257' title='bbox 1260 4116 1427 4227; x_wconf 58' lang='lat' dir='ltr'>parvos)</span> 
     </span>
     <span class='ocr_line' id='line_1_33' title="bbox 81 4223 1431 4329; baseline -0.011 -13"><span class='ocrx_word' id='word_1_258' title='bbox 81 4234 203 4316; x_wconf 83' lang='lat' dir='ltr'>circa</span> <span class='ocrx_word' id='word_1_259' title='bbox 231 4225 343 4310; x_wconf 88' lang='lat' dir='ltr'>hosce</span> <span class='ocrx_word' id='word_1_260' title='bbox 371 4229 476 4313; x_wconf 75' lang='lat' dir='ltr'>Soles</span> <span class='ocrx_word' id='word_1_261' title='bbox 508 4255 692 4329; x_wconf 79' lang='lat' dir='ltr'>rutatos,</span> <span class='ocrx_word' id='word_1_262' title='bbox 735 4233 838 4313; x_wconf 85' lang='lat' dir='ltr'>vires·</span> <span class='ocrx_word' id='word_1_263' title='bbox 864 4225 944 4311; x_wconf 86' lang='lat' dir='ltr'>suas</span> <span class='ocrx_word' id='word_1_264' title='bbox 989 4229 1205 4310; x_wconf 75' lang='lat' dir='ltr'>attractice&#39;s.</span> <span class='ocrx_word' id='word_1_265' title='bbox 1244 4223 1431 4308; x_wconf 51' lang='lat' dir='ltr'>notabili-2</span> 
     </span>
     <span class='ocr_line' id='line_1_34' title="bbox 80 4334 1431 4454; baseline -0.004 -36"><span class='ocrx_word' id='word_1_266' title='bbox 80 4365 147 4426; x_wconf 89' lang='lat' dir='ltr'>ter</span> <span class='ocrx_word' id='word_1_267' title='bbox 179 4361 444 4435; x_wconf 81' lang='lat' dir='ltr'>excerceant,</span> <span class='ocrx_word' id='word_1_268' title='bbox 489 4367 696 4454; x_wconf 89' lang='lat' dir='ltr'>eorumque</span> <span class='ocrx_word' id='word_1_269' title='bbox 722 4364 848 4426; x_wconf 87' lang='lat' dir='ltr'>motus</span> <span class='ocrx_word' id='word_1_270' title='bbox 876 4337 1108 4452; x_wconf 83' lang='lat' dir='ltr'>pertrubent.</span> <span class='ocrx_word' id='word_1_271' title='bbox 1137 4401 1141 4412; x_wconf 91' lang='lat'>.</span> <span class='ocrx_word' id='word_1_272' title='bbox 1180 4337 1331 4421; x_wconf 85' lang='lat' dir='ltr'>Horum</span> <span class='ocrx_word' id='word_1_273' title='bbox 1352 4334 1431 4438; x_wconf 73' lang='lat' dir='ltr'>Sy·-</span> 
     </span>
    </p>
   </div>
   <div class='ocr_carea' id='block_1_7' title="bbox 122 4439 1433 4562">
    <p class='ocr_par' dir='ltr' id='par_1_7' title="bbox 122 4439 1433 4562">
     <span class='ocr_line' id='line_1_35' title="bbox 122 4439 1433 4562; baseline -0.009 -28"><span class='ocrx_word' id='word_1_274' title='bbox 122 4439 316 4556; x_wconf 62' lang='lat' dir='ltr'>„Gragosi</span> <span class='ocrx_word' id='word_1_275' title='bbox 328 4441 428 4554; x_wconf 68' lang='lat' dir='ltr'>Asta.</span> <span class='ocrx_word' id='word_1_276' title='bbox 446 4441 546 4530; x_wconf 78' lang='lat' dir='ltr'>Tem.</span> <span class='ocrx_word' id='word_1_277' title='bbox 566 4445 620 4530; x_wconf 88' lang='lat' dir='ltr'>II.</span> <span class='ocrx_word' id='word_1_278' title='bbox 916 4447 1012 4562; x_wconf 70' lang='lat' dir='ltr'>Q</span> <span class='ocrx_word' id='word_1_279' title='bbox 1257 4439 1260 4446; x_wconf 86' lang='grc'>’</span> <span class='ocrx_word' id='word_1_280' title='bbox 1293 4439 1433 4526; x_wconf 79' lang='lat' dir='ltr'>stema·-</span> 
     </span>
    </p>
   </div>
   <div class='ocr_carea' id='block_1_8' title="bbox 0 0 2166 5686">
    <p class='ocr_par' dir='ltr' id='par_1_8' title="bbox 0 0 2166 5686">
     <span class='ocr_line' id='line_1_36' title="bbox 0 0 2166 5686; baseline 0 9"><span class='ocrx_word' id='word_1_281' title='bbox 0 0 2166 5686; x_wconf 95' lang='lat' dir='ltr'> </span> 
     </span>
    </p>
   </div>
  </div>
 </body>
</html>
