4322 5686
261 609 304 682 d*
328 605 713 684 GEdMETRICAE
738 607 1081 686 ELEMENTA.
1118 614 1218 690 Etr.
1245 613 1317 698 V..
1387 623 1471 715 683&

154 741 273 826 latus
306 743 452 828 tedium
480 738 559 827 Axi
588 762 833 851 congruum,
870 744 1041 855 Tempus
1078 771 1160 856 quo
1202 747 1376 832 Cometa
1400 755 1464 834 Pe·

154 853 332 938 tiheliutn
353 879 491 952 tenet,
526 855 754 966 reliquaque
788 853 863 936 huc
889 859 1093 941 attinentia
1122 859 1179 944 ad
1201 885 1378 946 normam
1407 859 1465 946 su·

156 971 353 1080 periurum
400 971 517 1055 etiam
554 995 733 1052 accurate
776 966 1021 1054 definientur.
1079 974 1120 1056 Si
1170 977 1372 1089 contingat
1403 977 1467 1061 El·

156 1080 267 1195 lipfin
315 1083 417 1168 Solis
499 1105 636 1168 centro
677 1103 749 1166 ceu
791 1081 898 1188 soco
925 1079 1155 1198 descriptam
1219 1103 1238 1192 (
1272 1117 1354 1174 non
1393 1095 1467 1174 Pa·
1560 1153 1562 1158 .

156 1199 333 1280 tabolatn
370 1195 389 1304 )
445 1225 514 1309 pet
547 1197 620 1326 trip
652 1196 719 1279 ista
763 1202 905 1310 pundttt
944 1201 1138 1292 tmnfirer
1196 1202 1275 1288 hoc
1309 1205 1393 1303 est,
1436 1205 1470 1291 fi:

154 1314 338 1397 Cometa
369 1313 612 1416 Trajedoriae
652 1313 860 1423 pusilla,
906 1341 993 1425 quta
1022 1311 1304 1402 observationi
1329 1319 1466 1404 nossrae
1571 1309 1575 1316 ’

148 1429 214 1514 'est
252 1423 451 1532 subjeda,
488 1429 591 1510 clare
627 1427 782 1509 evincat
812 1425 1025 1512 Cometam
1058 1431 1098 1511 in
1130 1432 1281 1514 Orbem
1310 1431 1434 1516 redite
1450 1489 1475 1532 ,‚

157 1571 245 1630 non
280 1543 321 1624 in
355 1539 548 1626 infinitum
586 1565 821 1637 excurrere,
849 1564 930 1623 tum
960 1569 1009 1625 ex
1046 1545 1209 1654 cognito
1250 1546 1361 1650 hujus
1393 1550 1471 1629 Or.

158 1659 252 1742 bita
284 1655 377 1741 Axe
405 1657 574 1759 majore,
612 1653 792 1736 cometa
821 1655 1067 1740 Periodicum
1102 1662 1270 1771 Tempus
1292 1655 1470 1744 innotes-

160 1795 258 1858 cet:
295 1773 357 1854 Est
401 1771 504 1855 enirn
559 1775 677 1880 (per
707 1771 851 1878 Ptop'.
882 1793 946 1854 xt
987 1775 1027 1853 δι
1073 1795 1201 1855 xt11.
1242 1771 1328 1856 Lilu
1371 1797 1406 1860 Ι.
1448 1775 1466 1883 )

159 1883 408 1996 Qtadtatum
451 1881 658 1996 Temporis
694 1799 885 1966 Pedodici
920 1883 1099 1968 Cometa
1133 1884 1184 1969 ad
1209 1883 1476 1995 ‘Qadtatum

158 2006 261 2106 Tem
291 1999 368 2083 oris
403 1995 595 2082 Periodici
616 1993 781 2078 Telluris
824 1997 924 2080 circa
959 1996 1092 2083 Solem
1129 2025 1172 2084 ut
1203 2003 1324 2083 cubus
1350 1995 1471 2106 majo-

158 2118 217 2202 ris
246 2029 349 2202 duis
371 2111 519 2195 Orbitae
550 2104 767 2195 Cometicae
793 2104 846 2194 ad
887 2111 1029 2196 cubum
1063 2113 1217 2220 majoris
1257 2115 1356 2198 Axis
1396 2109 1470 2199 Or·

158 2230 254 2314 bitae
289 2253 407 2340 quam
438 2225 572 2310 Tellus
595 2220 695 2307 circa
736 2223 877 2306 Solem
927 2221 1106 2312 describit
1149 2285 1173 2326 a
1221 2211 1300 2313 stve
1327 2228 1471 2347 ‘duplae

160 2341 376 2432 mediocris
417 2337 602 2424 distantia
627 2333 792 2420 Telluris
821 2335 844 2420 ai
877 2333 1001 2425 Solo·
1453 2343 1456 2353 “

225 2457 353 2564 Quod·
387 2453 413 2540 st
431 2482 480 2546 ex
507 2450 674 2565 coguitis
704 2446 980 2564 principalibus
998 2450 1201 2542 lateribus
1218 2457 1358 2556 redis,
1375 2457 1416 2538 τ).
1427 2485 1473 2570 g.

161 2571 286 2660 trium
318 2568 638 2677 Trajedoriarum
677 2563 718 2648 in
750 2564 877 2650 tribus
907 2568 1029 2680 planis
1064 2593 1167 2657 'ante
1189 2572 1347 2684 plenam
1388 2597 1476 2660 cor·
1644 2631 1652 2639 -

160 2687 387 2774 tedionem
415 2679 610 2794 assumptis
637 2675 940 2790 descriptarum,
981 2679 1038 2766 sc.
1061 2710 1090 2768 tt
1123 2686 1284 2798 primae,
1311 2682 1479 2772 rsecun·

160 2801 228 2886 dae
266 2803 307 2883 δι
331 2827 346 2886 r
373 2797 525 2893 tertiae,
549 2793 799 2898 Ttalenunae
834 2793 938 2879 illius
960 2797 1102 2882 ultime
1133 2799 1173 2882 in
1201 2812 1380 2887 accurate
1405 2831 1482 2914 po.

160 2919 246 3005 fito
280 2913 402 3026 plano
435 2906 629 3021 descriptae
659 2909 778 2992 Latus
805 2913 954 2993 redum
982 2913 1197 3026 ptintipale
1219 2913 1484 3008 defidet'etuts·

164 3029 324 3146 poten't
355 3025 453 3110 illud
479 3050 530 3109 ex
560 3020 713 3134 Regula
752 3020 847 3105 falfi
879 3024 1134 3110 ad'nonnam
1162 3021 1398 3143 superiorum
1420 3029 1479 3114 in·

162 3142 327 3257 veniris
377 3141 452 3224 etit
489 3139 626 3248 utique
659 3133 762 3218 illud
793 3139 945 3250 equale
978 3160 1009 3224 lt
1027 3151 1072 3238 4-
1094 3162 1177 3222 mr
1207 3181 1257 3208 u·-
1293 3170 1331 3223 m
1370 3161 1396 3226 t
1435 3157 1480 3240 -l-

163 3289 197 3342 n
233 3297 250 3356 ρ
278 3298 328 3316 --
349 3281 376 3333 n
401 3272 440 3336 tt.
473 3255 545 3358 ¹ln
578 3270 671 3330 vera
700 3249 803 3332 enim
828 3257 871 3334 δε
898 3275 1076 3336 accurata
1103 3255 1367 3368 longitudine
1391 3259 1484 3342 No·

25 3411 29 3420 ·
164 3373 215 3458 di
257 3369 477 3454 alterutrius
503 3359 770 3476 superadditur
803 3365 892 3474 ejus
920 3366 1174 3478 longitudini
1198 3371 1238 3450 in
1267 3370 1386 3482 plano
1406 3372 1482 3482 pri·

164 3513 247 3576 mo
282 3483 394 3594 (per
413 3486 527 3590 Prop.
559 3499 763 3558 xxuttt.
795 3476 1092 3677 determinata)
1136 3477 1306 3566 excessus
1348 3475 1483 3568 usum·

165 3625 255 3720 ptae
299 3590 570 3708 longitudInis
616 3588 654 3671 in
688 3589 807 3704 plano
843 3587 1011 3678 secundo
1071 3597 1166 3710 tlpra
1203 3597 1491 3710 praecedentem*
1603 3657 1607 3664 -

166 3716 321 3802 ductus
352 3711 392 3793 in
424 3739 493 3806 m,
533 3706 573 3788 dt
608 3701 649 3784 in
681 3703 940 3792 Inclinatione
965 3708 1071 3820 plani
1100 3711 1344 3816 Ttaj'ectoriae
1373 3735 1486 3796 actu

168 3855 266 3918 rata
302 3820 567 3938 superadditur
612 3816 859 3903 inclinationi
903 3822 1007 3934 plani
1056 3825 1174 3937 primi·
1217 3829 1336 3936 (pet
1365 3829 1487 3960 Ptopt

170 3967 296 4033 xxtx.
339 3934 603 4022 determinatae
635 3932 654 4041 )
689 3929 858 4016 excelsus
896 3927 1094 4047 assumpta
1138 3935 1178 4019 in
1213 3939 1335 4051 plano
1378 3943 1496 4029 teltto
1657 3969 1661 3979 ·

171 4053 301 4169 supra
347 4049 646 4134 inclinationem
686 4047 970 4159 precedentem
1017 4049 1155 4135 ductus
1201 4053 1240 4135 in
1276 4080 1315 4134 n.
1373 4043 1498 4138 Cutm

173 4195 270 4284 que
309 4161 547 4271 Trajectoria
587 4153 742 4270 ejusque
788 4161 905 4246 Latus
933 4185 1081 4247 rectum
1114 4163 1497 4266 mutetur,·ct'1mob

173 4301 380 4370 mutatam
409 4275 712 4390 Longitudinem
743 4274 857 4357 Nudi
890 4301 972 4360 tum
1010 4277 1065 4360 ob
1111 4303 1297 4364 mutatam
1342 4280 1505 4367 Inclina-

174 4399 346 4485 tionem
383 4392 488 4505 plani
529 4389 580 4472 ad
622 4387 779 4500 planum
821 4391 1042 4501 Eclipticae‚
1085 4393 1214 4478 Lateri
1258 4422 1368 4483 recto
1412 4399 1505 4478 Tra·

174 4507 367 4624 jectotiae
405 4507 446 4588 in
483 4505 604 4617 plano
650 4503 775 4613 pritno
812 4501 891 4590 srve
923 4503 992 4616 ipst
1031 4533 1058 4588 tt
1094 4499 1407 4620 superaddendus
1449 4505 1505 4591 est

172 4658 218 4712 m
258 4651 361 4710 r-
387 4645 426 4705 nr
449 4643 505 4720 tt,
534 4612 583 4705 sc.
623 4616 791 4704 excelsus
834 4615 983 4708 latetis
1025 4621 1121 4712 tecti
1147 4621 1190 4710 in
1231 4625 1353 4737 plano
1381 4619 1507 4822 secpp

1482 4761 1509 4823 ο
