4322 5686
217 653 220 660 ,
725 543 891 656 (³)

218 679 1391 913 couuroounenrn

773 1020 837 1110 seu
869 1143 872 1152 ι

154 1243 384 1350 Astronamia
412 1242 593 1328 Cometicae
615 1249 798 1359 Synopsrs
812 1307 826 1348 ,
867 1241 1002 1337 Arto're
1033 1251 1239 1337 Edmundo
1281 1251 1440 1337 Halleio

241 1361 344 1556 {pud
375 1357 614 1556 (smonisenses
650 1359 862 1448 Geometria
903 1365 1099 1482 Prrfiffirre
1136 1365 1364 1462 SavilianO,
1405 1371 1445 1447 δι

280 1502 339 1585 eg.
406 1499 467 1560 oc.
526 1530 537 1553 .

152 1689 259 1882 V
276 1699 408 1782 Eteres
426 1691 592 1818 AEgyffli
622 1703 662 1782 δι
696 1695 852 1787 Chaldaei
868 1760 882 1800 ‚
900 1701 1004 1816 fiqua
1020 1701 1116 1787 fides
1131 1699 1293 1782 Diodoro
1308 1701 1442 1807 Siculo,

21 1838 31 1864 ·
281 1811 400 1923 longa
439 1810 753 1898 observationum
793 1811 884 1898 serie
924 1817 1089 1899 instructi
1121 1875 1135 1914 ,
1190 1819 1442 1898 Cometarum

145 1937 303 2006 enarrat
331 1923 580 2035 praenuntiare
598 1925 816 2012 valuerunt.
874 1929 979 2010 Cum
1025 1954 1155 2012 autem
1192 1925 1322 2012 iisdem
1355 1929 1444 2010 arti·

146 2039 219 2122 bus
248 2039 364 2123 etiam
406 2041 678 2122 Terrae-motus
709 2065 755 2122 ac
794 2041 1036 2151 tempestates
1073 2032 1283 2152 praevidill'e
1320 2041 1443 2121 dican·

144 2175 232 2248 tur,
261 2173 368 2238 extra
398 2149 558 2236 dubium
581 2151 635 2233 est
666 2153 892 2261 Astrologiae
918 2156 1048 2260 potius
1072 2154 1224 2235 calculo
1250 2149 1440 2246 fatidico,

177 2291 263 2346 uam
291 2263 569 2346 Astronomicis
588 2289 765 2348 motuum
792 2265 968 2348 Theotiis
996 2293 1130 2348 eorum
1151 2265 1202 2348 de
1236 2264 1295 2347 his
1329 2261 1442 2346 rebus

143 2291 341 2460 scientiam
370 2373 608 2458 referendam
638 2377 724 2460 elle.
753 2377 816 2460 Ac
843 2376 910 2458 vix
926 2377 999 2459 alia
1030 2375 1217 2459 aiGrtecis
1251 2371 1443 2484 utriusque
1501 2461 1506 2472 ,

138 2489 281 2604 populi
309 2487 520 2570 victoribus
539 2513 688 2598 reperta
722 2490 775 2572 est
806 2488 910 2601 apud
934 2516 1003 2570 eos
1038 2489 1239 2577 dominat
1270 2489 1371 2571 adeo
1401 2511 1444 2568 ut

141 2629 272 2698 earn,
312 2627 429 2710 quam
477 2625 579 2682 nunc
619 2595 788 2714 eousque
828 2603 1076 2710 proveximus
1133 2602 1442 2694 Astronomiam,

140 2713 288 2797 Gtaecls
313 2709 433 2824 ipsu,
473 2706 675 2820 praesertim
708 2740 850 2823 magno
877 2709 1122 2822 Hipparcho,
1146 2715 1203 2796 uti
1229 2715 1443 2795 inventori-

144 2827 241 2921 bus,
265 2849 464 2934 acceptam
494 2823 717 2908 debeamus.
752 2825 895 2936 ‘Apud
925 2827 996 2908 hos
1015 2853 1109 2908 vero
1141 2825 1339 2926 Aristotelis
1363 2821 1444 2908 sen·
1575 2922 1582 2935 ²

143 2938 296 3035 tentia,
322 2937 389 3047 qui
416 2937 607 3020 Cometas
631 2938 723 3018 nihil
741 2936 846 3020 aliud
870 2932 944 3020 else
970 2938 1095 3020 voluit
1123 2940 1441 3048 quam‘Vapores
1539 3031 1542 3040 ⁸
1620 3015 1624 3024 .

138 3047 365 3133 sublunares
391 3049 454 3132 vel
484 3049 599 3130 etiam
633 3052 811 3132 Meteora
840 3075 980 3144 aerea,
1024 3073 1172 3135 tantum
1203 3047 1361 3144 effecit'‚
1399 3075 1442 3136 u

142 3164 225 3244 haec
257 3163 533 3246 Astronomicae
561 3155 728 3244 scientiae'
750 3187 835 3273 pars
855 3162 972 3268 longe
994 3159 1252 3258 subtililhma,
1280 3163 1440 3244 omnino

142 3276 320 3388 neglesla
340 3270 548 3369 manserit,
589 3302 676 3357 cum
703 3272 847 3354 nemini
872 3299 998 3380 operae
1024 3273 1186 3383 pretium
1212 3270 1335 3380 visum¹
1361 3270 1442 3354 fue-

141 3388 224 3485 tit,
267 3413 385 3494 vagas
417 3391 456 3466 &
488 3385 650 3468 incertas
678 3386 906 3466 fluitantium
937 3384 976 3464 in
1007 3384 1147 3468 athera
1174 3379 1362 3495 vaporum
1390 3377 1442 3464 se-

141 3503 255 3584 mitas
280 3501 469 3581 adnotare
494 3491 713 3608 scriptisque
743 3496 942 3584 mandare3
971 3495 1074 3576 unde
1091 3494 1228 3576 saslum
1246 3521 1289 3576 ut
1321 3495 1371 3576 ab
1398 3495 1442 3576 il·
1534 3517 1537 3524 ·

140 3615 189 3696 lis
213 3614 306 3696 nihil
336 3611 431 3698 certi
456 3604 507 3696 de
525 3634 636 3693 motu
662 3615 916 3696 Cometarum
935 3607 987 3694 ad
1014 3635 1087 3697 nos
1115 3603 1360 3694 transmissum
1385 3631 1442 3689 re·

141 3727 327 3838 periatur.
378 3823 383 3831 .
1446 3805 1450 3810 .

203 3833 339 3918 Seneca
366 3862 494 3920 autem
519 3835 793 3948 Philosophus,
829 3831 1021 3946 perpenfis
1050 3833 1214 3916 duorum
1242 3829 1441 3944 infignium

143 3940 199 4032 sui
223 3952 406 4060 temporis
436 3951 690 4032 Cometarum
722 3949 1013 4044 Phaenomenis,
1051 3974 1131 4028 non
1165 3945 1369 4052 dubitavit¹
1397 3945 1442 4024 iis

144 4063 236 4144 loca
261 4063 359 4145 inter
393 4089 558 4172 corpora
592 4063 760 4148 coelestia
799 4061 1006 4172 alfignare,
1051 4051 1312 4168 Syderagelst
1354 4081 1441 4135 curn

143 4172 295 4258 mundo
322 4173 500 4257 duratura
530 4177 771 4268 existimans,
807 4199 1037 4284 quanquam
1063 4169 1358 4253 Motus‘e'onrrn
1389 4169 1444 4248 le-

139 4286 253 4397 gibus
291 4283 463 4368 nondum
496 4290 702 4399 compertis
734 4286 814 4396 regi
842 4283 1017 4367 fateatur.
1076 4282 1331 4392 Tandemque
1366 4283 1444 4360 Va·

142 4401 279 4481 ticinio
300 4423 382 4480 non
409 4398 515 4482 irriro
543 4401 735 4510 promittit
770 4395 980 4590 aliquando
1016 4393 1144 4478 sutura
1175 4391 1327 4488 serula,
1363 4391 1443 4502 qui-

143 4508 218 4636 bus
241 4511 323 4596 haec
349 4533 428 4620 tam
446 4513 601 4598 occulta
619 4511 697 4596 dies
713 4534 821 4594 extra
848 4531 921 4596 eret
942 4537 987 4686 ἑο
1004 4510 1175 4618 longioris
1198 4511 1268 4614 aul
1290 4501 1444 4632 dilgen-

1033 4639 1056 4710 2
1348 4637 1407 4696 tta
1431 4648 1444 4691 .·
1569 4671 1575 4678 -
