4420 5692
299 607 346 684 e
377 577 775 684 promererer
809 605 1141 686 ειιιΜεΜτΑ
1176 611 1277 688 ιη.
1315 613 1387 690 ru.
1449 638 1526 710 ms

224 739 321 922 IN
339 725 647 852 praecedentibus
670 734 862 826 ostensum
894 741 947 824 est
975 767 1092 855 quam
1130 744 1320 830 rationem
1351 745 1523 832 habeant
1546 725 1604 864 ’ᾖξ’
1622 740 1718 870 ΨΧ·

274 855 377 938 sols
410 857 523 938 Vires
550 856 735 940 satellitis
762 882 913 940 motum
952 857 1223 964 perturbantes
1253 859 1305 941 ad
1333 863 1422 944 Vim
1478 857 1527 944 ui
1595 829 1624 883 κ’
1666 849 1674 870 '

226 966 298 1054 sol
331 967 449 1052 trahit
483 969 734 1070 Primarium,
782 969 860 1053 srve
893 965 973 1082 qui
1003 971 1206 1055 Primarius
1237 974 1277 1055 in
1309 973 1421 1058 Orbe
1448 888 1527 1058 (bro
1635 975 1655 992 '

225 1083 328 1164 circa
350 1082 485 1171 Solem
517 1087 732 1168 retinetur:
768 1085 823 1168 est
853 1111 996 1195 nempe
1023 1111 1100 1184 ea,
1131 1114 1248 1198 quam
1269 1090 1379 1172 reetae
1408 1116 1436 1170 A
1465 1115 1524 1185 Μ,
1594 1107 1599 1114 ·

224 1219 254 1276 Μ
281 1219 312 1276 N
341 1190 550 1308 respeblive
581 1198 728 1283 habent
756 1198 807 1281 ad
837 1228 855 1282 s
881 1221 940 1296 N,
967 1196 1047 1282 five
1070 1226 1098 1282 ,ι
1130 1224 1188 1298 Μ,
1216 1225 1247 1282 Μ
1278 1230 1307 1283 τ
1339 1204 1523 1313 (coeun-

223 1309 327 1392 tibus
361 1312 510 1422 punctis
542 1336 571 1394 Μ
600 1319 639 1395 δι
665 1341 693 1394 τ
725 1321 741 1417 )
772 1311 823 1396 ad
848 1343 867 1396 s
892 1342 934 1393 τ.
994 1312 1125 1396 Restat
1156 1339 1202 1396 ut
1245 1312 1524 1402 determinetur

221 1423 324 1506 tatio
357 1424 460 1508 inter
492 1423 612 1510 distas
640 1427 755 1510 Vires
815 1425 1057 1512 ettutbantes
1091 1430 1132 1507 δι
1164 1427 1256 1509 Vim
1288 1425 1368 1541 qui
1400 1430 1523 1514 Satel-

218 1537 277 1622 les
307 1561 333 1620 ι
364 1540 552 1623 retinetur
579 1541 618 1624 in
647 1539 756 1624 Orbe
781 1453 850 1626 ibo
883 1565 1065 1626 esus
1098 1539 1199 1624 circa
1230 1541 1451 1626 Primarium
1477 1571 1519 1627 τ.

212 1651 337 1738 Rem
368 1681 392 1734 ι
421 1678 452 1737 Μ
475 1656 516 1736 in
541 1652 671 1740 media
697 1647 763 1738 sua
786 1652 1006 1768 quantitate
1032 1654 1188 1768 aequalis
1217 1654 1271 1738 est
1294 1683 1322 1738 τ
1344 1682 1369 1740 ι
1389 1687 1401 1746 r
1426 1683 1521 1768 qua-

214 1792 257 1849 re
289 1767 360 1851 Vis
393 1767 600 1853 mediocris
642 1794 685 1855 ut
717 1801 739 1852 r
767 1797 799 1854 Μ
831 1771 885 1854 est
915 1767 966 1852 ad
998 1769 1091 1850 Vim
1122 1792 1166 1850 ut
1202 1792 1276 1852 su
1311 1769 1376 1853 vel
1411 1797 1517 1870 st,

209 1877 289 1992 qui
321 1908 351 1964 τ
382 1879 422 1963 in
450 1883 560 1966 Orbe
593 1878 662 1968 suo
690 1885 896 1981 retinetur,
931 1908 975 1967 ut
1008 1911 1036 1966 τ
1063 1908 1088 1964 L
1115 1879 1165 1965 ad
1198 1886 1425 1984 estEt(
1476 1909 1519 1968 er

207 1995 327 2108 Prop.
360 2019 504 2078 xxvt.
537 1997 622 2080 Lib.
653 1998 721 2108 ι.)
749 1999 847 2096 Vis,
869 1993 949 2110 qui
979 2023 1005 2078 τ
1032 1996 1220 2082 retinetur
1246 1997 1287 2079 in
1313 1997 1422 2081 Orbe
1446 1913 1516 2082 bro

207 2131 357 2205 stt,
390 2110 526 2193 estad
558 2113 683 2210 Vim,
724 2109 804 2225 qui
836 2112 1074 2198 Lretinetut
1112 2109 1153 2192 in
1192 2105 1260 2195 suo
1294 2137 1321 2194 c
1351 2137 1374 2192 ιι
1402 2137 1429 2194 ι)
1457 2137 1516 2211 n,

204 2220 246 2304 in
278 2223 431 2318 tutione
465 2224 680 2335 composita
713 2253 761 2309 ex
802 2226 954 2310 ratione
981 2251 1052 2308 sr
1087 2223 1138 2306 ad
1171 2251 1198 2308 r
1225 2251 1251 2308 ι
1288 2229 1330 2308 δι
1362 2226 1514 2312 ratione

197 2335 402 2448 duplicata
431 2341 532 2420 Tem
559 2339 637 2422 oris
664 2339 853 2453 periodici
877 2338 1061 2424 Satellitis
1088 2336 1189 2422 circa
1213 2339 1436 2426 Primarium
1462 2337 1513 2424 ad

203 2453 376 2564 Tempus
403 2371 644 2562 perioiicum
679 2454 848 2548 l'ritnarii
875 2453 975 2538 circa
1008 2453 1159 2536 Solem·
1207 2453 1259 2535 Et
1283 2453 1424 2562 igitur,
1463 2482 1512 2538 ex

202 2592 343 2678 aequo,
377 2565 556 2674 praediela
592 2569 664 2650 Vis
695 2566 903 2652 mediocris
933 2591 976 2649 ut
1001 2592 1027 2650 n
1055 2592 1087 2649 Μ
1116 2565 1169 2648 est
1196 2563 1248 2646 ad
1282 2568 1399 2665 Vim,
1433 2563 1512 2679 qui

206 2681 305 2766 Lin
336 2677 445 2762 Orbe
469 2673 537 2762 suo
566 2681 779 2778 retinetur,
812 2681 852 2762 in
885 2680 1038 2763 ratione
1068 2674 1284 2790 composrta
1318 2707 1367 2762 ex
1395 2683 1512 2764 ratio·
1576 2785 1579 2795 Ι

202 2791 319 2878 nutus
349 2820 375 2874 τ
402 2819 429 2876 ι.
456 2791 507 2876 ad
538 2820 630 2891 ts,
653 2824 674 2880 s
701 2825 728 2880 r
758 2793 809 2878 ad
839 2823 867 2882 τ
893 2817 917 2876 r.
943 2792 1156 2876 &tatione
1179 2791 1376 2902 duplicata
1396 2797 1511 2876 Tem-

204 2906 311 3022 poris
342 2905 532 3018 periodici
556 2909 740 2994 Satellitis
771 2909 873 2990 circa
907 2907 1133 2990 Primarium
1164 2902 1213 2988 ad
1240 2909 1412 3018 Tempus
1444 2935 1510 3018 pe·

201 3018 394 3108 tiodicum
426 3022 597 3104 Primatii
634 3025 734 3108 circa
764 3021 928 3109 Solem;
956 3021 1034 3106 hoc
1066 3021 1144 3119 est,
1182 3023 1200 3126 (
1230 3018 1381 3104 duabus
1406 3022 1510 3131 prio·

199 3135 310 3220 ribus
334 3128 554 3218 rationibus
586 3130 624 3218 se
654 3162 791 3221 mutuo
821 3135 1124 3249 perimentibus,
1156 3143 1173 3238 )
1201 3133 1272 3216 Vis
1299 3134 1506 3221 mediocris

99 3247 102 3252 “
199 3273 247 3334 ut
272 3274 296 3330 r
319 3274 355 3332 Μ
377 3245 431 3334 ad
457 3249 571 3344 Vim,
603 3247 733 3364 quit
770 3252 810 3332 in
845 3248 965 3332 ¹Orbe
994 3244 1062 3332 suo
1087 3247 1189 3332 circa
1221 3275 1249 3330 τ
1282 3249 1468 3332 retinetur
1490 3243 1532 3347 ,'

193 3365 251 3450 est
267 3365 307 3445 in
341 3361 521 3473 ptaedirila
549 3364 699 3448 ratione
728 3362 924 3476 duplicata
942 3369 1183 3476 Temporum
1201 3360 1504 3476 periodicorum.

196 3473 322 3586 Qtod
351 3473 378 3558 st
407 3474 657 3586 investigetur
685 3477 785 3561 tatio
818 3477 917 3560 inter
938 3501 969 3558 Μ
998 3500 1027 3560 Μ
1065 3481 1156 3559 &A
1183 3501 1244 3572 u,
1282 3475 1504 3558 invenietur
1599 3491 1624 3512 “¹

194 3592 297 3678 ratio
334 3583 531 3702 utriusque
576 3589 647 3671 Vis
688 3589 948 3702 perturbantis
991 3618 1019 3673 ι
1047 3617 1075 3674 Μ
1119 3594 1160 3670 &
1199 3615 1230 3671 Μ
1259 3614 1288 3672 Μ
1324 3586 1376 3670 ad
1409 3589 1503 3671 Vim

195 3703 276 3821 qui
313 3732 338 3788 L
372 3703 415 3786 in
444 3703 555 3790 Orbe
595 3698 664 3786 suo
704 3704 903 3788 retinetur.
961 3705 1088 3789 Immo
1123 3701 1258 3785 licebit
1296 3701 1389 3784 Vim
1415 3725 1440 3784 r
1470 3729 1502 3786 Μ

196 3819 350 3906 nonin
383 3817 569 3900 mediocri
592 3810 656 3900 sua
690 3819 937 3930 quantitate,
977 3811 1044 3902 sed
1075 3813 1301 3898 exauiffime
1334 3840 1405 3923 pro
1435 3839 1504 3895 va·

196 3936 257 4020 rio
288 3929 470 4016 Satellitis
499 3955 523 4014 ι
555 3929 625 4016 srtu
656 3931 855 4027 invenire,
886 3933 926 4012 δι
958 3929 1052 4013 inde
1081 3929 1273 4012 tationem
1303 3927 1404 4008 inter
1432 3927 1503 4012 Vi·

196 4075 258 4134 tes
291 4044 559 4155 penurbantes
590 4051 630 4128 δι
652 4045 746 4128 Vim
755 4104 770 4145 ,
805 4039 885 4158 quel
917 4070 944 4126 1.
969 4043 1011 4126 in
1039 4040 1149 4128 Orbe
1178 4035 1246 4124 luo
1285 4039 1472 4125 retinetur
1486 4095 1501 4140 ,

190 4157 420 4260 exalliliime
453 4158 721 4244 determinare.

530 4326 1126 4415 Cotottrttum

252 4501 294 4589 Si
328 4499 396 4584 Sol
427 4523 597 4614 ponatur
628 4499 898 4618 longinquus,
934 4524 978 4585 ut
1008 4499 1055 4586 lit
1083 4498 1255 4586 Planetis
1285 4493 1503 4584 circum-so·

193 4615 365 4734 laribus,
388 4612 435 4704 iis
465 4607 600 4706 saltem
629 4614 698 4730 qui
732 4615 1156 4824 Satellititegazudentr
1186 4639 1213 4700 ιι
1241 4639 1272 4699 Μ
1303 4615 1375 4702 erit
1409 4609 1504 4839 ξιξ
