4336 5692
737 553 812 628 666
974 541 1515 625 AaronorrrAr
1570 539 1879 620 PHYSICAE

500 742 564 811 m
580 709 883 807 xmvartr.
915 683 935 794 )
967 681 1117 770 chorda
1146 678 1326 796 pradidta
1361 705 1432 792 per
1465 705 1492 764 o
1529 680 1700 766 tradam
1727 709 1817 770 eum
1850 683 1954 770 inter
1986 711 2057 772 rt
2146 703 2147 728 i

549 831 642 909 rega.
734 840 755 880 τ
797 829 821 886 Β
856 797 966 885 strum
1010 797 1190 882 obtinere
1222 793 1365 893 deber,
1409 820 1453 879 ut
1493 821 1571 878 An
1602 796 1647 881 srt
1670 796 1721 880 ad
1739 824 1767 882 o
1797 797 1940 886 oficut
1959 826 2056 884 tem·

737 945 810 1034 pus
838 943 921 1027 quo
958 911 1130 997 Cometa
1164 903 1345 993 describit
1380 908 1578 1022 Eclipticae
1616 939 1747 996 arcum
1780 913 1880 998 inter
1912 917 2054 1027 Longi·

555 1062 559 1070 ·
600 1083 602 1088 ·
737 1029 891 1120 tudines
922 1057 991 1114 rr
1049 1029 1090 1108 δι
1128 1048 1192 1106 rc
1232 1023 1284 1107 ad
1320 1045 1475 1136 tempus
1503 1051 1586 1137 quo
1619 1053 1749 1110 arcum
1777 1030 1877 1112 inter
1908 1052 1926 1110 r
1954 1057 1980 1114 c
2012 1035 2052 1113 dr

736 1169 758 1210 τ
789 1171 811 1226 r
849 1144 1091 1247 interjedum
1119 1134 1320 1224 describit:
1348 1137 1426 1220 Sed
1454 1167 1480 1220 r
1500 1163 1520 1220 a
1538 1140 1591 1221 ira
1616 1145 1727 1252 (ope
1743 1147 1859 1254 Prop.
1888 1161 2047 1254 vrit.)

735 1261 820 1348 ada
850 1261 902 1345 est
958 1283 999 1341 er
1032 1280 1096 1355 o,
1125 1275 1170 1338 ut
1196 1277 1269 1337 Ao
1303 1247 1347 1336 stt
1375 1251 1427 1334 ad
1457 1277 1525 1336 ou
1552 1253 1591 1336 in
1621 1254 2047 1359 eademillaratione,

736 1400 878 1486 nempe
921 1287 1015 1456 deut
1045 1395 1197 1482 tempus
1226 1365 1333 1452 inter.
1364 1360 1691 1451 Observationem
1728 1369 1890 1483 primam
1921 1377 1962 1455 δι
1993 1371 2049 1457 se.

735 1488 904 1576 tundam
954 1484 1006 1569 ad
1054 1507 1208 1595 tempus
1241 1479 1345 1590 inter
1387 1476 1710 1567 Observationem
1760 1479 1964 1570 secundam
2007 1493 2048 1572 dr
2147 1519 2148 1554 r

735 1605 915 1692 tertiamr
953 1598 1026 1682 rite
1066 1595 1184 1710 igitur
1222 1593 1387 1680 adaest
1425 1621 1501 1679 au
1540 1599 1579 1678 dr
1617 1597 1674 1680 uri
1712 1625 1892 1712 oportet,
1933 1602 2048 1688 nimi·
2146 1555 2148 1706 i

732 1744 818 1804 rum
848 1744 917 1830 per
951 1738 979 1796 o
998 1711 1205 1809 tranfiens,
1226 1713 1267 1794 ὃς
1293 1703 1414 1791 divifr
1432 1709 1473 1792 in
1498 1735 1526 1794 o
1563 1711 1620 1796 uti
1639 1711 1798 1796 didium.
1855 1715 2044 1818 Etideo,

733 1829 863 1946 posito
897 1830 1081 1942 pundum
1117 1852 1143 1907 c
1180 1826 1283 1907 redte
1328 1817 1437 1922 fpiffe
1484 1821 1712 1938 affumprum
1751 1853 1824 1939 pro
1862 1827 2045 1916 Cometa

731 1947 897 2057 vestigio
938 1943 978 2024 in
1014 1933 1302 2044 observatione
1333 1930 1500 2023 secunda
1516 1996 1530 2038 ,
1567 1943 1710 2050 ponda
1748 1965 1774 2024 Α
1815 1944 1896 2025 &n
1953 1941 2041 2030 sunt

730 2055 900 2166 ejusdcm
931 2055 1089 2169 vestigia
1122 2048 1417 2168 quamproxime
1452 2053 1494 2140 in
1537 2053 1887 2142 Observationibus
1919 2061 2042 2172 prima

632 2275 635 2280 ¹
727 2180 771 2261 dr
801 2172 926 2258 tertia.
1440 2209 1444 2214 ·

787 2289 917 2373 Restat
955 2309 1061 2369 nunc
1094 2305 1139 2366 ut
1175 2270 1422 2392 dignoscatur
1457 2305 1507 2368 att
1549 2287 1733 2398 putidum
1771 2287 1869 2372 cin
1910 2289 2039 2378 media

612 2463 621 2486 .
672 2385 680 2408 ⁹
729 2398 995 2514 Longitudine
1029 2395 1146 2482 fuerit
1177 2399 1280 2480 rede
1308 2387 1536 2510 affumprum
1587 2403 1768 2485 Cometa
1809 2404 2040 2517 vestigiumr

727 2515 841 2632 quod
869 2513 895 2598 st
929 2539 1012 2596 non
1044 2509 1182 2609 fuerit,
1218 2531 1261 2592 ut
1291 2535 1399 2592 error
1427 2511 1517 2595 hinc
1556 2539 1666 2600 ortus
1699 2516 1942 2628 corrigatur,
1980 2545 2038 2604 te·

618 2663 621 2671 ¹
723 2629 841 2744 liquis
873 2655 960 2742 qua
992 2627 1177 2712 hactenus
1209 2623 1313 2707 rede
1345 2618 1432 2708 sunt
1456 2623 1556 2714 facta
1596 2631 1858 2715 manentibus.
1918 2634 2037 2718 Dele·
2148 2623 2149 2680 i

716 2767 769 2842 ¹to
794 2743 923 2857 priore
957 2739 1321 2854 parallelogrammo
1362 2761 1429 2822 rm
1451 2767 1479 2822 1<
1496 2770 1525 2824 v
1555 2742 1605 2828 ad
1631 2743 1802 2857 priorem
1836 2745 2037 2860 minusque

722 2879 945 2947 accuratam
979 2853 1167 2938 chordam
1204 2875 1282 2934 uu
1327 2855 1563 2956 constituto,
1593 2861 1845 2965 constituatur
1873 2865 2036 2948 alterum

721 2973 775 3060 ad
807 2969 1060 3082 posteriorem
1095 2973 1135 3051 dr
1165 2965 1442 3053 accuratiorem
1474 2970 1725 3068 Aristidem
1744 2973 2036 3082 adhibiti'ssons·

722 3087 916 3174 trudtione
953 3105 1072 3194 arque
1099 3081 1216 3198 prius.
1276 3079 1342 3162 Ad
1376 3107 1428 3184 u,
1466 3111 1496 3168 rr
1531 3091 1573 3169 δι
1608 3113 1628 3170 u
1667 3089 1861 3200 erigamur
1891 3090 1943 3176 ad
1966 3116 2031 3173 rr

689 3196 916 3294 ·normales
948 3219 972 3278 Α
1004 3233 1056 3300 a,
1094 3225 1125 3285 m
1147 3236 1174 3300 μ
1212 3193 1297 3274 &1³
1323 3209 1378 3292 β,
1420 3226 1583 3313 quarum
1618 3227 1683 3284 Aa
1715 3203 1759 3288 stt
1785 3225 1946 3316 tangens
1964 3233 2034 3292 no·

718 3345 766 3409 tar
799 3309 1029 3402 [mitudinis
1070 3316 1112 3398 in
1153 3310 1440 3406 Observatione
1478 3317 1598 3424 prima
1642 3317 1693 3402 ad
1726 3317 1876 3402 radium
1926 3345 1954 3400 τ
1976 3345 2030 3417 Α,

716 3440 853 3519 &1³ss
900 3457 1061 3541 tangens
1095 3429 1325 3516 Latitudinis
1358 3441 1398 3519 in
1433 3428 1718 3517 Observatione
1750 3433 1862 3522 tertia
1892 3431 1944 3516 ad
1975 3460 2031 3517 ra·
2149 3473 2150 3548 3

714 3549 825 3634 dium
857 3589 878 3626 τ
906 3573 953 3630 o:
984 3547 1173 3655 Jungatur
1204 3565 1289 3644 aa,
1336 3551 1397 3634 cui
1443 3569 1622 3630 occurrat
1672 3571 1703 3628 Μ
1738 3569 1765 3626 μ
1805 3545 1844 3628 in
1884 3567 1926 3627 μ.
1988 3549 2028 3631 Si
2149 3555 2150 3638 ἰ

712 3665 882 3775 erigatur
925 3661 1136 3768 trapezium
1185 3675 1347 3748 toda
1383 3661 1608 3747 normaliter
1648 3658 1700 3746 ad
1733 3659 1888 3770 planum
1928 3661 2030 3746 Ecli·

711 3779 858 3892 pticae,
905 3795 1089 3859 manente
1135 3773 1235 3861 tedii
1276 3801 1376 3875 ro,
1424 3773 1509 3861 sunt
1542 3776 1638 3881 (ut
1666 3773 1770 3886 prius
1797 3769 2025 3880 ostensum)

708 3894 851 4006 punita
896 3913 918 3952 a
959 3891 1000 3968 dr
1034 3899 1055 3971 β
1103 3890 1209 3974 Loca
1247 3891 1427 3983 Cometae
1468 3887 1506 3968 in
1547 3881 1671 3999 spatio
1713 3885 1956 3988 Mundano,
1997 3887 2022 3974 fi

709 4011 892 4118 putidum
923 4029 949 4084 c
980 3996 1024 4082 fit
1045 4006 1125 4109 eius
1158 4003 1358 4117 vestigium
1392 4006 1430 4088 in
1466 4003 1585 4116 plano
1625 4001 1820 4113 Eclipticae
1859 4004 1901 4088 in
1945 4002 2023 4085 Ob-

709 4115 928 4202 servatione
969 4113 1134 4206 secunda
1151 4177 1165 4218 ,
1206 4121 1245 4202 dt
1287 4119 1446 4230 planum
1484 4113 1667 4200 tranfiens
1698 4143 1768 4226 per
1799 4115 1874 4200 tria
1908 4143 2021 4232 punc·

708 4253 750 4314 ta
780 4258 826 4328 s,
857 4267 880 4307 ι
914 4233 955 4311 &
988 4247 1009 4318 β
1051 4235 1106 4316 est
1140 4233 1301 4342 planum
1341 4232 1582 4337 Trajedioriae
1614 4228 1856 4314 Cometicae·r
1907 4233 2017 4316 Ideo·

703 4371 784 4458 que
813 4349 913 4428 reda
938 4375 996 4447 aa
1025 4346 1080 4431 est
1124 4345 1271 4428 chorda
1302 4344 1412 4430 arctis
1450 4343 1690 4448 Trajcdoriae
1730 4341 2014 4430 Parabolicaed

701 4461 875 4542 Cometa
906 4456 1087 4570 percursa
1105 4460 1204 4544 inter
1233 4457 1560 4543 observationem
1585 4457 1747 4569 primam
1778 4459 1819 4540 δι
1838 4461 2005 4555 tertiam,

702 4575 873 4690 drot,
905 4589 970 4690 ert
1007 4567 1093 4661 suut
1133 4573 1319 4673 distantia
1360 4569 1589 4664 Cometaei
1626 4569 1720 4660 Sole
1743 4571 1789 4661 io
1829 4569 2013 4659 Observa·

1908 4711 2012 4776 tione
