4322 5686
258 549 1266 640 a·uaourrrtrocetauautaatavi.
1365 557 1454 658 7397
1551 499 1560 512 ⁴

114 718 178 780 aut
214 696 338 806 magis
386 699 502 801 p'tout
525 690 719 775 habitatio
747 689 770 775 ὲ
798 691 1010 778 meditullio
1029 693 1081 776 'in
1111 693 1208 778 hanc
1240 694 1305 774 vel·
1331 691 1436 778 illam
1492 791 1497 797 ,

113 807 266 933 plagam
291 804 412 888 minus
441 826 507 888 aut·
534 804 653 913 magis
682 801 792 885 distat
816 835 826 891 ;
857 805 982 886 donec
1011 805 1165 886 tandem
1181 803 1316 884 limitis
1347 812 1437 912 pra:-¹

111 916 202 998 dien
226 972 241 1012 ,
269 912 360 997 bina
386 913 492 994 Ltuta
518 905 790 1020 Hemisphaeria
817 911 1053 1010 dirimentis,
1083 914 1215 994 incolis
1244 911 1371 994 Tellus
1396 915 1435 993 in

110 1024 327 1107 Horizonte
350 1043 562 1131 appareat,
607 1017 722 1104 altenl
746 1021 825 1124 ejus
854 1022 1059 1104 medietate
1087 1021 1226 1103 m'ontis
1248 1021 1355 1132 igniti
1383 1019 1437 1102 in-

109 1133 185 1214 star
204 1131 404 1216 exstante:
443 1130 523 1236 Qi
550 1129 647 1237 verb
672 1129 710 1210 in
739 1131 852 1210 Lunae
880 1129 1021 1212 circulo
1047 1128 1251 1225 habitant,
1274 1129 1346 1238 qui
1368 1155 1437 1236 pet

111 1241 230 1324 Polos
260 1239 427 1360 dictique
467 1232 726 1426 Hemisphaetii
765 1238 1014 1322 meditullium
1044 1235 1205 1336 transtt,
1244 1237 1435 1320 Tellurem

108 1353 148 1435 itt
180 1348 399 1432 Meridiano
425 1342 570 1458 semper
622 1347 749 1429 abent.

165 1494 342 1576 Cemunt
363 1493 416 1571 ·&
445 1482 639 1597 Geoscopi
676 1489 713 1570 hi
753 1489 943 1572 Tellurem
986 1492 1244 1604 quindecuplo
1290 1495 1436 1596 majore

107 1600 217 1683 Orbe
245 1596 361 1709 qualm
393 1627 469 1681 nos
509 1600 697 1694 Lunam,
740 1599 777 1679 in
815 1597 905 1680 loco
947 1597 1012 1682 suo
1048 1599 1330 1712 quiescentem,
1371 1597 1435 1683 sed

108 1707 211 1792 circa
230 1705 356 1790 Auem
382 1703 486 1788 suum
509 1707 651 1787 interea
679 1731 880 1805 rotatam,
922 1713 961 1790 &
984 1711 1149 1794 maculas
1181 1711 1305 1820 (quas
1336 1709 1435 1792 rudi·

105 1844 166 1900 tet
189 1820 230 1899 in
254 1811 436 1928 quasdam
462 1811 599 1928 figuras
629 1815 881 1913 distribuent,
921 1842 962 1899 ut
989 1816 1111 1930 fulgus
1144 1817 1282 1900 faciem
1312 1819 1455 1918 homi,

105 1925 164 2009 nis
187 1928 227 2007 in
256 1925 364 2009 Orbe
393 1927 505 2006 Lunae
543 1924 801 2034 imaginatur)
856 1924 1021 2010 abortu
1062 1931 1101 2009 in
1140 1921 1314 2008 occasum
1344 1925 1434 2007 serti

104 2035 326 2131 videbunt,
368 2035 484 2142 inque
512 2029 620 2113 situm
662 2033 784 2114 redire
806 2035 1005 2222 ppiorem,
1046 2061 1152 2144 parte
1190 2037 1335 2116 circiter
1378 2033 1434 2114 vi-

121 2141 250 2250 esrmal
287 2140 392 2224 noni
433 2140 725 2248 Nychthemeri.
848 2144 983 2250 epletus
1021 2173 1067 2226 ex
1094 2145 1163 2226 ista
1190 2143 1434 2226 revolutione

103 2171 238 2330 solva
266 2279 407 2332 nomen
444 2249 585 2331 Telluri
618 2248 668 2330 ab
708 2247 779 2332 illis
808 2249 971 2334 inditum
997 2249 1048 2333 fin
1075 2252 1106 2335 it
1133 2253 1172 2335 in
1200 2249 1435 2358 Astronomia

103 2353 301 2448 Lunaris
348 2355 435 2442 citm
471 2357 524 2440 illi
566 2355 819 2467 proculdubio
861 2353 989 2442 sedem
1030 2281 1135 2444 stiam
1177 2357 1327 2463 Vestam
1369 2361 1435 2440 ha-

105 2472 228 2553 beant
253 2469 343 2550 loco
371 2496 450 2550 non
480 2467 745 2566 movendam,
783 2471 823 2548 δι
851 2467 1009 2580 globum
1037 2471 1205 2552 nostrum
1229 2471 1269 2552 in
1297 2468 1435 2552 aethete

105 2576 316 2690 pendulum
342 2576 439 2658 inter
470 2575 581 2664 Astra
617 2601 847 2674 numerent,
920 2605 1007 2659 uem
1045 2579 1206 2691 proinde
1244 2576 1320 2658 alio
1362 2605 1457 2656 no„

105 2689 213 2770 mine
240 2685 355 2796 quim
384 2681 543 2768 Telluris
573 2683 774 2795 insigniunt
817 2718 826 2765 z
882 2603 983 2768 iiius
1013 2688 1124 2798 igitur
1158 2675 1457 2872 Hemispbaerii,2

103 2795 250 2879 Volvat
273 2790 457 2897 subjeoli,
499 2792 641 2874 incolas
670 2790 836 2984 appellat
861 2785 1075 2874 subvolvat
1097 2799 1137 2878 ἃ
1151 2791 1281 2875 Subvo
1298 2821 1431 2876 vanos,

691 2929 716 3010 P

104 2903 259 2988 alterius
288 2900 423 2999 verb,
466 2902 535 3011 qui
562 2903 640 3006 ejus
718 2900 886 2984 notaculo
910 2903 1146 3010 privantur,
1198 2899 1453 3005 Privatam·

103 3041 196 3124 quae
221 3011 379 3093 nomina
404 3015 540 3108 &nos
575 3011 690 3092 etiam
726 3010 765 3091 in
789 3009 979 3118 posterum
1001 3003 1270 3122 usurpabimus.
1340 3015 1458 3094 Prae-2

103 3149 170 3205 tet
214 3115 430 3229 praedic‘lam
468 3117 608 3200 Volvae
643 3119 962 3216 revolutionem,
1015 3121 1068 3204 est
1101 3127 1140 3202 δι
1173 3121 1290 3203 altera
1329 3115 1458 3229 quali·

103 3223 277 3335 ejusdem
313 3229 496 3324 nutatio,
539 3224 616 3338 qui
645 3254 744 3309 nunc
778 3220 830 3307 sui
861 3226 997 3310 Polum
1038 3229 1233 3310 borealem
1271 3229 1459 3310 Lunico.

105 3341 153 3422 lis
183 3335 386 3432 ostendit,
443 3363 543 3418 nunc
587 3334 782 3416 australem
801 3379 825 3432 ·,
867 3333 985 3446 idque
1020 3335 1125 3418 unius
1169 3333 1259 3417 Diei
1296 3329 1459 3441 spatio..

106 3445 220 3532 Nam
257 3441 485 3550 citm'arcus'
505 3444 696 3530 Savittarii
726 3443 775 3525 ad
805 3437 978 3524 Volvam
1006 3473 1073 3552 per
1094 3467 1242 3525 motum
1298 3443 1458 3550 timum.

109 3554 269 3670 appellit
295 3613 307 3648 ,
349 3552 535 3636 videbunt
556 3509 754 3634 lunicolae
794 3554 812 3651 (
824 3549 864 3632 in
886 3546 1084 3659 praesertim
1117 3555 1183 3661 qui
1206 3551 1256 3633 ad
1272 3469 1435 3632 boream

108 3663 226 3760 sunt>
268 3663 408 3744 Volvae
443 3659 580 3742 Polum
611 3654 984 3768 septentrionalem,
1030 3667 1070 3744 δε
1101 3659 1266 3742 maculas
1299 3655 1436 3767 partes-

109 3800 192 3884 que
217 3769 415 3852 lucidiores
443 3769 541 3851 citca
577 3766 675 3849 hanc
704 3764 875 3876 positas,
915 3796 999 3880 quae
1024 3799 1090 3880 per
1118 3771 1265 3878 aliquot
1296 3765 1460 3874 Volva.

115 3879 381 3976 revolutiones
409 3877 500 3986 post,
530 3874 702 3958 Volvam
737 3869 775 3958 se
800 3904 879 3958 non
901 3879 976 3960 reci
1005 3879 1122 3976 ient,
1162 3879 1253 3960 dum
1288 3877 1463 3982 interim.

112 3983 204 4098 q'uae
236 3987 284 4068 ad
317 3987 404 4093 ejus¹
425 3983 563 4068 Polum
603 3983 808 4068 australem·
854 3982 954 4075 olitae
978 3907 1062 4070 iunt
1088 4013 1187 4069 notae
1212 3987 1254 4067 in
1281 3977 1461 4092 c'onspcq

114 4087 222 4180 ct'um
250 4121 327 4175 non
355 4094 567 4179 veniunt':
625 4092 713 4176 Post
741 4011 902 4201 elapsam
929 4095 1207 4204 Nychthemeri
1243 4077 1465 4198 semilletn,÷-.

115 4202 284 4288 Castore
308 4203 355 4284 ad
375 4201 550 4284 Volvam
571 4200 749 4282 revoluto
776 4205 789 4298 ,
832 4199 1008 4284 latebunt
1016 4199 1324 4312 septentrionales
1344 4199 1441 4282 Vol-

114 4341 180 4398 vae
203 4333 304 4394 notat
331 4315 370 4394 δι
401 4310 570 4396 australes
593 4310 633 4394 in
658 4303 896 4420 conspectum
920 4311 1138 4420 prodibunt.

1315 4431 1451 4576 Volva
