4376 5694
688 626 770 712 5⁴14
934 603 1844 690 :tentamentorum
1922 651 1926 662 ·

751 749 875 864 Qod
902 749 930 833 st
959 747 1104 835 summa
1134 746 1369 832 defidererur
1403 744 1657 842 exauindo,
1700 753 1778 841 (ut
1803 745 1846 832 fit
1863 749 1904 832 in
1932 749 2016 864 Sya-

685 869 808 978 zygiis
843 864 1102 975 Eclipticis‚)
1134 863 1185 946 'ad
1202 871 1372 970 Tempus
1394 861 1569 972 Syzygiae
1596 887 1696 945 verae
1723 861 1847 946 modo
1866 865 2002 949 invto·

686 1004 769 1062 tum
793 1004 1014 1091 quaerantur
1047 973 1168 1062 rursus
1207 975 1310 1062 Solis
1333 978 1527 1088 Lunaque
1553 977 1696 1074 Loca,
1736 973 1823 1088 quae
1851 975 1878 1060 fi
1907 1007 2001 1064 con.

712 1123 778 1177 rua
808 1092 880 1178 lint
906 1117 973 1174 aut
1003 1089 1181 1202 opposrta
1215 1085 1393 1200 praecise,
1434 1089 1801 1201 hadenusquaefito
1824 1084 1917 1176 satit
1947 1097 2000 1178 est
2153 1167 2155 1170 ,

666 1121 865 1296 {gadiumr
907 1204 958 1288 sm
994 1201 1130 1304 secus,
1165 1209 1335 1315 Tempus
1365 1203 1442 1286 hoc
1474 1198 1598 1288 rursus
1633 1205 1846 1315 corrigatur
1875 1201 2007 1292 stmili.'

690 1345 750 1405 ter
775 1345 895 1432 atque
922 1321 1052 1429 priusr
1094 1346 1235 1431 nempe
1265 1347 1312 1402 ex
1330 1316 1505 1429 Syzygiae
1532 1344 1633 1400 verae
1655 1325 1854 1430 Tempore.
1874 1348 1998 1431 prope

690 1462 788 1517 vero
810 1494 823 1533 ,
852 1436 1036 1517 haetenus
1058 1434 1222 1516 invento
1248 1492 1262 1531 ,
1299 1427 1468 1536 ejusdem
1494 1438 1665 1544 Tempus
1700 1436 1833 1516 exarte
1859 1457 1995 1521 verum

689 1547 834 1632 eodem
865 1547 990 1630 modo
1020 1548 1194 1630 eliciatur
1217 1572 1336 1660 atque
1370 1546 1515 1630 dietum
1540 1545 1637 1630 illud
1668 1549 1837 1658 Tempus
1869 1575 1993 1662 prope

687 1689 826 1744 verum
852 1688 900 1744 cx
927 1647 1123 1775 Tempo're
1144 1664 1317 1774 Syzygiae
1340 1660 1477 1743 mediae
1499 1656 1609 1774 supra
1631 1661 1816 1745 invento.

738 1776 1014 1858 Communiter
1042 1776 1313 1858 Calculatores
1336 1777 1494 1858 Motum
1524 1775 1720 1858 horarium
1742 1776 1857 1860 Lunae
1880 1776 1992 1865 3180·

683 1890 722 1972 le
744 1889 908 1972 invento
931 1891 1117 2002 Tempori
1147 1889 1322 2002 Syzygiae
1352 1888 1489 1972 mediat
1509 1912 1798 2000 competentem
1820 1915 1904 1974 non
1928 1923 1992 1980 ex.

682 2003 869 2114 quirunt,
897 1998 1075 2115 utsupra
1104 2003 1308 2088 docuimus
1329 2034 1340 2093 r
1382 1998 1448 2086 sed
1473 2033 1522 2089 ex
1552 1999 1714 2089 Tabulis¹
1739 2001 1990 2118 depromunt,

682 2116 749 2200 ubi
768 2115 869 2198 Solis
896 2117 1090 2230 Lunaeque
1115 2119 1257 2204 horarii
1276 2121 1413 2202 Motus
1445 2113 1699 2230 disponuntur
1724 2144 1798 2228 pro
1822 2121 1991 2208 Anoma.

681 2231 738 2312 liae
762 2231 883 2342 gradu
909 2259 1027 2344 quem
1051 2227 1261 2346 respedlive
1290 2257 1429 2318 tenent
1459 2267 1472 2310 .·
1517 2259 1592 2316 nec
1625 2233 1724 2316 male
1760 2233 1920 2345 quidem
1948 2241 1988 2322 in

678 2344 800 2433 Solet
831 2367 872 2428 at
892 2347 933 2428 in
961 2348 1095 2444 Luna,
1121 2370 1185 2432 tot
1215 2347 1547 2457 Inaequalitatibus
1579 2345 1792 2444 obnoxia,
1842 2352 1989 2438 cautius

679 2457 1001 2569 procedendum:
1041 2461 1223 2544 Ulterior
1255 2487 1354 2544 vero
1392 2460 1584 2545 corredio
1611 2462 1716 2545 tollit
1745 2490 1902 2548 omnem
1923 2469 1990 2549 Er·

679 2597 832 2671 rorem,
869 2576 938 2686 qui
965 2573 1056 2659 hinc
1087 2577 1178 2658 oriri
1205 2573 1330 2688 polstt.
1391 2576 1477 2658 Pari
1514 2573 1638 2660 modo
1671 2577 1989 2667 determinabitur

677 2689 849 2800 Tempus
873 2689 1029 2778 alterius
1051 2685 1213 2796 cujusvis
1243 2685 1432 2802 Aspestt‘ls
1462 2690 1564 2774 Solis
1596 2691 1637 2773 &
1672 2695 1799 2788 Luna,
1967 2704 1970 2718 ‘

994 2879 1025 2978 S
1068 2881 1106 2980 E
1142 2880 1187 2982 C
1221 2878 1274 2980 T
1308 2884 1333 2982 I
1371 2881 1424 2984 Ο
1492 2878 1660 2982 Vll.

861 3069 864 3075 ’
1011 3065 1089 3153 Du
1147 3068 1391 3224 deerret
1435 3066 1622 3156 Luna.

784 3255 869 3347 Um
900 3259 1248 3350 [lunianum
1280 3262 1325 3350 stt
1355 3264 1406 3349 de
1435 3292 1534 3359 uero
1569 3267 1686 3351 Moru
1714 3261 1881 3351 Telluris
1914 3266 1984 3352 cit-¹

796 3405 842 3460 ca
874 3380 1033 3479 Solem,
1070 3381 1131 3464 cui
1155 3407 1224 3492 per
1252 3383 1385 3465 omnia
1410 3374 1619 3492 respondet
1640 3379 1744 3464 Solis
1768 3381 1868 3464 circa
1889 3385 1982 3465 Ten

674 3515 754 3572 ram
783 3495 919 3577 Motus
942 3520 1156 3608 apparens;
1192 3499 1232 3577 δι
1266 3495 1554 3580 lib.ltoc1v.
1589 3494 1641 3578 de
1672 3498 1786 3578 Lunae
1820 3495 1981 3580 eTerm
2070 3549 2075 3558 -

673 3596 847 3713 speolatae
885 3609 1063 3694 Motibus
1101 3609 1250 3699 variisr
1302 3610 1515 3722 omniaque
1557 3637 1643 3722 quae
1683 3609 1739 3694 ob
1786 3609 1980 3694 Diurnum

672 3719 837 3801 Telluris
863 3721 1028 3830 Motum
1055 3727 1156 3806 circa
1188 3726 1387 3836 proprium
1404 3724 1535 3809 Artem
1563 3722 1602 3806 in
1634 3723 1762 3810 Coelis
1794 3747 1980 3835 apparent

670 3829 758 3914 Lib.
793 3855 846 3914 tr.
880 3841 1107 3947 pertractata
1144 3837 1387 3927 habeanturt
1424 3865 1663 3950 quacunque
1693 3837 1777 3921 Soli
1811 3841 2003 3930 Lunaeves

671 3943 855 4029 accidunt
883 3977 930 4032 ex
957 3943 980 4036 s
983 3979 1067 4060 rpra
1101 3954 1249 4035 traditis
1270 3950 1401 4034 'facile
1431 3951 1574 4037 ¹deduci
1607 3974 1804 4064 poterunt.
1865 3955 1977 4061 Qo·

671 4060 773 4138 niam
799 4089 895 4144 vero
950 4061 1111 4170 Eclipses
1147 4061 1414 4144 Luminaerium
1451 4069 1709 4154 Phaenomena
1748 4062 1834 4149 sunt
1876 4067 1987 4150 inter·

670 4169 857 4256 Coelestia
891 4175 1106 4258 admodum
1144 4175 1377 4290 conspicua,
1413 4209 1577 4294 quarum
1621 4180 1974 4291 contemplationi,

671 4279 864 4369 causarum
895 4291 1178 4400 investigationi
1214 4293 1434 4378 &calculo
1464 4298 1670 4409 plurimum
1714 4303 1731 4396 (
1762 4293 1885 4377 immo
1919 4294 1975 4406 ip-

666 4391 728 4479 sos
754 4395 834 4481 fere
865 4404 1047 4512 natales)
1074 4404 1195 4491 deber
1222 4407 1505 4501 Astronomiar
1537 4410 1621 4494 illas
1646 4408 1809 4493 aliorum
1841 4428 1969 4492 exem·
2125 4493 2129 4502 .

666 4510 736 4625 plo
769 4507 921 4598 seorstm
952 4517 1220 4620 medebimur,
1259 4521 1459 4636 praesertim
1489 4551 1578 4610 cum
1602 4524 1664 4608 hic
1698 4524 1870 4635 plurimae
1905 4547 1972 4607 oe·

664 4650 821 4716 currant
849 4623 1130 4746 speculationes
1165 4636 1290 4753 dignae
1323 4668 1408 4756 quae
1441 4642 1558 4755 plene
1611 4640 1893 4840 excudentur.h
1925 4637 1972 4722 ln

1893 4775 1968 4839 unc
