4420 5692
620 501 805 662 stu
966 554 1481 650 serranorum
1536 554 1877 634 rnrsrcar

720 699 910 800 ¹orbitam
930 699 1031 782 circa
1058 702 1221 783 Terram
1248 691 1538 780 describeretin
1562 695 1682 809 plano
1708 696 1874 783 immoto
1903 695 2037 782 consri-

724 837 906 912 tentem‚
941 811 1034 896 sreut
1060 813 1263 894 Primarius
1303 809 1471 921 quilibet
1499 809 1600 895 circa
1627 812 1789 902 Solems
1814 840 1932 925 quarn
1957 811 2032 898 elle

724 928 952 1040 praecipuam
988 923 1127 1010 semitae
1156 925 1315 1038 projedti
1356 924 1634 1036 proprietatem
1668 953 1717 1008 ex
1738 927 1824 1008 lib.
1850 955 1884 1010 ι.
1912 931 2027 1038 Prop.

724 1069 793 1124 xr.
820 1044 994 1142 eonstat:
1027 1039 1050 1126 ri
1082 1040 1177 1152 Sole
1209 1064 1340 1126 autern
1363 1039 1409 1124 fit
1449 1037 1562 1150 quod
1604 1039 1711 1151 plani
1743 1040 1855 1146 hujus
1885 1039 2026 1150 pofitio

722 1155 830 1239 varie
854 1179 1045 1253 mutetur,
1078 1156 1141 1240 vel
1178 1177 1459 1267 permutatam
1495 1155 1577 1257 ejus
1611 1177 1859 1238 communem
1896 1149 2045 1268 senio,

704 1297 827 1368 ‚nem
849 1296 937 1354 cum
974 1269 1167 1381 Eclipricae
1192 1270 1331 1380 plano,
1368 1269 1446 1352 hoc
1476 1269 1556 1366 est,
1589 1267 1803 1354 Nodonun
1835 1269 2021 1367 lineam,

719 1383 785 1468 vel
813 1407 1001 1468 mutatam
1032 1379 1199 1488 ejusdem
1232 1383 1531 1465 Inclinationem
1561 1381 1612 1466 ad
1643 1383 1801 1494 planum
1830 1383 2023 1494 Eclipticae

717 1495 849 1582 fixum.
917 1503 966 1582 Et
1007 1525 1075 1609 per
1114 1501 1228 1610 Prop.
1263 1522 1366 1578 xtv.
1405 1499 1447 1579 in
1488 1523 1565 1580 una
1611 1495 1727 1579 Luna
1773 1496 2021 1582 revolutione

716 1611 820 1694 circa
849 1617 1008 1696 Terram
1033 1608 1145 1694 Nodi
1171 1610 1439 1722 regrediuntur
1465 1608 1664 1696 celerrime
1697 1637 1785 1694 cum
1820 1612 1926 1695 Luna
1949 1614 2020 1722 Sy·

590 1795 602 1812 ,
715 1726 848 1842 zygias
884 1749 1021 1832 tenet,
1061 1724 1263 1808 tardissime
1301 1753 1389 1809 curn
1421 1723 1726 1834 Qadraturass
1771 1725 1812 1808 in
1875 1723 2018 1810 luribus

714 1865 815 1924 ‚vero
838 1840 940 1923 inter
968 1835 1006 1926 se
1038 1841 1301 1950 comparatis,
1341 1837 1522 1950 regressus
1556 1836 1769 1922 Nodorum
1802 1753 2019 1924 celerrimus

714 1953 769 2038 est
797 1980 885 2038 cum
916 1954 957 2038 hi
986 1955 1028 2037 in
1064 1955 1269 2064 Qradrato
1294 1953 1398 2038 Solis
1421 1950 1639 2048 versantur,
1658 1950 1881 2038 tardilstmus
1898 1953 2015 2066 (quia

712 2066 883 2171 nullus)
915 2097 1003 2154 curn
1040 2069 1227 2182 Syzygias
1266 2091 1415 2152 tenent.
2020 2067 2029 2074 ’

652 2187 656 2198 ’
767 2184 890 2264 Sexto
908 2241 937 2281 ,,
964 2179 1043 2294 ipsa
1070 2185 1186 2268 etiam
1230 2182 1336 2294 plani
1376 2181 1495 2266 Orbis
1530 2182 1688 2268 Lunaris
1723 2179 1930 2269 Inclinatio
1964 2181 2013 2266 ad

709 2296 907 2407 Eclipticte
946 2297 1104 2408 planum
1143 2321 1325 2382 mutatur.
1385 2302 1478 2380 Hac
1515 2299 1661 2411 quippe
1683 2295 1909 2381 ¹Inclinatio
1947 2323 2012 2407 pet

707 2413 826 2524 Prop.
872 2436 953 2496 xv.
993 2413 1071 2512 est,
1122 2412 1161 2494 in
1203 2410 1341 2496 eadem
1377 2414 1495 2496 Lunae
1537 2411 1813 2509 revolutione,
1858 2413 2012 2496 minima

707 2549 796 2612 curn
833 2526 940 2610 Luna
974 2527 1027 2612 est
1056 2526 1096 2610 in
1129 2527 1332 2640 Syzygiis,
1361 2527 1640 2613 maximarum
1674 2526 1712 2608 in
1738 2524 2010 2634 Qradratutisr

703 2637 747 2730 iu
780 2637 940 2724 diverlis
973 2665 1104 2726 autern
1138 2642 1240 2724 inter
1274 2637 1311 2725 se
1345 2641 1611 2750 comparatis,
1645 2639 1803 2722 minima
1835 2639 1887 2722 est
1924 2665 2011 2724 cum

702 2752 817 2850 Nodi
851 2753 1115 2860 Qtadraturas
1151 2779 1319 2854 tenent,
1354 2757 1519 2838 maxima
1547 2754 1731 2843 econtra
1761 2779 1850 2840 cunt
1879 2754 1920 2838 hi
1944 2754 2012 2866 Sy·

703 2865 836 2976 zygias
868 2893 1078 2980 occupant.
1748 2951 1752 2958 ,
1823 2955 1828 2964 ,

711 3049 723 3064 .
759 2979 982 3091 Septimo,
1032 3007 1169 3068 omnes
1208 2977 1320 3097 supra
1363 2979 1541 3100 descripti
1574 2991 1730 3075 Errores
1769 2985 1820 3068 ab
1858 2981 2009 3070 ustione

698 3093 803 3176 Solis
846 3094 1002 3180 oriundi
1041 3097 1223 3211 quolibet
1270 3123 1449 3213 tempore
1483 3104 1645 3186 minimo
1686 3097 1894 3212 produdli,
1932 3099 2009 3182 hoc

621 3271 625 3286 .
697 3207 753 3306 est
767 3263 782 3305 ,
816 3209 1049 3298 velocitates
1094 3206 1158 3296 seu
1201 3237 1332 3299 motus
1374 3215 1518 3300 horarii
1559 3215 1752 3326 Apogael‚
1796 3211 2008 3296 Nodorum

696 3325 774 3408 &o
805 3323 919 3408 Lunae
958 3349 1156 3410 mutantur
1190 3353 1262 3440 pro
1305 3351 1452 3414 mutata
1485 3329 1650 3416 Telluris
1687 3327 1863 3410 distantia
1888 3323 1911 3410 ὲ
1940 3330 2007 3409 So

694 3433 733 3534 lt
765 3435 949 3536 Erromm
986 3434 1124 3536 causa,
1160 3440 1279 3555 idque
1319 3450 1336 3548 (
1366 3471 1435 3556 per
1473 3449 1590 3558 Prop.
1627 3443 1780 3550 ω.)
1816 3440 1857 3522 in
1891 3439 2006 3552 tripli·

694 3573 781 3646 tata
821 3555 973 3650 ratione
1010 3555 1192 3652 distantiae
1225 3557 1391 3650 Telluris
1428 3556 1451 3642 d
1489 3557 1584 3644 Sole
1631 3549 1802 3654 inverse,
1852 3553 1931 3638 five
1964 3554 2004 3636 in

694 3661 886 3774 triplicata
911 3667 1062 3752 ratione
1087 3668 1264 3757 diametri
1287 3672 1508 3787 apparentis
1541 3672 1644 3757 Solis
1661 3671 1684 3756 ὲ
1700 3676 1820 3756 Terra
1836 3663 2003 3780 spectati.

706 3849 715 3864 ,
750 3781 904 3864 Ostavo
920 3839 934 3879 ,
969 3775 1090 3894 ipsum
1117 3787 1234 3868 etiam
1266 3789 1382 3872 Lunae
1416 3793 1586 3900 Tempus
1615 3785 1855 3897 periodicunt
1883 3807 2004 3866 muta·

689 3915 781 3991 tur,
816 3893 964 3980 mutati
994 3898 1172 3996 distantis
1199 3902 1364 3984 Telluris
1383 3899 1405 3981 ὲ
1425 3901 1546 3982 Sole:
1576 3903 1630 3986 est
1646 3926 1813 4010 namque
1839 3897 1918 3981 hoc
1935 3898 2002 3979 mi·

689 4005 835 4090 nimum
878 4011 991 4119 (pet
1025 4014 1144 4120 Prop.
1183 4038 1320 4098 xvir.
1348 4009 1533 4118 ),Terral
1573 4014 1784 4128 Aphelium
1812 4035 1999 4102 tenentes

688 4117 896 4216 maximum
929 4149 1022 4222 cum,
1058 4130 1177 4207 Terra
1212 4125 1333 4208 estin
1361 4127 1571 4216 'Perihelio
1631 4128 1828 4240 Adeoque
1864 4152 2000 4239 praeter

685 4255 823 4323 omnes
852 4235 1132 4348 inaequalitates
1157 4231 1265 4350 supra
1299 4243 1500 4330 recensrtas
1525 4247 1566 4327 in
1595 4245 1713 4328 Lunae
1739 4265 1850 4326 motu
1865 4299 1879 4340 ,
1914 4267 1999 4352 quae

682 4343 762 4432 illis
796 4349 1036 4460 temporibus
1070 4351 1276 4453 incidunt,
1312 4353 1392 4468 ips‘e
1428 4386 1559 4468 motus
1593 4353 1894 4441 Lunae'medius
1931 4381 1998 4436 ve-

681 4456 811 4544 locior
849 4463 903 4548 est
935 4492 1023 4550 cum
1054 4471 1173 4564 Terra
1201 4470 1253 4552 est
1283 4470 1323 4553 in
1360 4473 1534 4584 Aphelio
1576 4499 1815 4586 quamtum
1851 4469 1891 4550 in
1926 4471 1999 4550 Pe·

678 4571 839 4672 rihelio,
884 4579 924 4658 dr
961 4581 1313 4692 proportionaliter
1353 4585 1500 4672 tardior
1538 4587 1604 4672 vel
1649 4585 1828 4674 velocior
1874 4603 1996 4695 prout

677 4687 794 4783 Tetra
819 4689 910 4786 huic
940 4693 1006 4780 vel
1033 4695 1090 4780 illi
1129 4699 1292 4812 propior
1328 4697 1458 4789 fuerit·
1893 4689 1994 4800 Αὶῖε
