4336 5692
293 556 1120 711 &·GEOMETR1sAEELEMEhiTA.
1149 623 1234 704 Zrt.
1258 613 1298 706 V.
1397 637 1471 721 667

164 771 273 856 tione
308 769 430 880 prima
467 767 652 853 &tertia
689 763 928 878 respectiver
970 769 1049 852 hoc
1082 761 1168 870 ell‘,
1207 767 1384 854 distantia
1415 759 1675 856 ve·²'⁴⁶.·⁸¹‘'‘¹¹·

163 912 206 970 ra
243 880 405 990 cujusvis
442 881 573 996 pundli
606 883 850 989 Trajedtoriae
884 883 1104 968 Cometicae
1144 882 1168 968 a
1202 886 1295 970 Sole
1334 887 1386 968 est
1412 887 1482 997 hy·
1515 850 1568 928 ᾖδ’
1592 855 1619 900 ¹‘

168 996 384 1112 pothenusa
423 995 603 1108 trianguli
652 997 894 1108 rectangnli,
943 1001 1049 1102 cujus
1106 1000 1270 1084 alterum
1303 1000 1402 1084 latus
1440 1001 1493 1086 est

166 1113 344 1196 distantia
385 1109 409 1194 a
448 1111 542 1194 Sole
573 1111 721 1220 vestigii
759 1109 862 1196 illius
888 1113 1018 1225 puncti
1051 1113 1092 1196 in
1121 1115 1243 1226 plano
1271 1115 1491 1227 Ecliptiear,

168 1230 334 1312 alterum
374 1253 472 1310 vero
512 1226 831 1337 perpendiculum
878 1257 926 1310 ex
958 1228 1031 1311 illo
1075 1227 1238 1340 vestigio
1266 1230 1493 1331 normaliter

165 1339 217 1427 ad
251 1343 406 1454 planum
448 1341 644 1452 Eclipticae
694 1342 903 1424 excitatum
941 1347 981 1424 dc
1022 1342 1072 1424 ad
1110 1345 1296 1451 punctum
1338 1343 1493 1445 Traiec-

169 1455 278 1542 toriae
308 1453 585 1538 terminatum·
632 1453 737 1538 Cum
774 1455 950 1566 quadam
990 1485 1038 1540 ex
1088 1456 1164 1540 illis
1201 1457 1491 1567 perpendiculis
1635 1465 1642 1476 '

167 1569 240 1655 srnt
271 1571 451 1680 longiora
486 1593 529 1650 ut
568 1580 674 1657 ul,
706 1570 882 1680 quedam
923 1570 1106 1654 breviora
1137 1596 1181 1654 ut
1221 1597 1247 1651 n
1274 1607 1331 1668 a,
1374 1567 1527 1667 suma·

167 1705 230 1768 tur
261 1683 431 1766 medium
459 1682 560 1765 inter
599 1684 750 1777 hacce,
794 1680 844 1768 sc.
878 1683 940 1766 hic
973 1709 1003 1766 rr
1046 1715 1103 1778 μς
1150 1689 1191 1766 &
1228 1680 1493 1770 universaliter

167 1797 372 1908 loquendo
407 1794 583 1878 dillanria
625 1791 788 1898 cujusvis
825 1797 955 1910 pundli
997 1799 1238 1904 Trajettoriae
1276 1799 1493 1900 Cometicae

167 1909 191 1997 ai
225 1913 317 1996 Sole
353 1912 424 2002 erit
448 1911 623 2021 proxime
645 1907 916 2021 hypothemisa
955 1912 1141 2024 trianguli
1172 1914 1406 2022 redanguli,
1428 1941 1495 1996 cu·

166 2027 226 2134 jus
260 2023 422 2108 alterum
458 2025 556 2106 latus
590 2024 644 2106 est
683 2025 860 2110 distantia
896 2025 1052 2136 analogi
1087 2027 1218 2137 pundti
1246 2026 1288 2108 in
1328 2027 1491 2138 vestigio

168 2137 412 2241 Trajeuoriae
454 2131 677 2250 descriprO,
722 2143 762 2222 dc
798 2141 965 2240 alterum
1000 2134 1078 2252 ipsa
1107 2143 1207 2224 rena
1244 2165 1273 2221 n
1302 2181 1344 2242 μ.
1374 2147 1491 2252 Qu

167 2252 335 2369 pofito,
375 2253 415 2334 in
450 2275 529 2334 mr
579 2256 595 2353 (
631 2278 729 2336 eave
754 2251 983 2364 producta)
1042 2249 1211 2338 sumatur
1244 2279 1323 2337 un
1361 2281 1492 2368 requa-

167 2368 216 2453 lit
258 2394 332 2449 sv
379 2376 479 2476 Η
519 2390 614 2463 rrc,
673 2364 751 2448 hoc
797 2368 881 2465 est,
924 2365 1370 2482 aqualis.sn,pos1u
1415 2393 1490 2456 rr

168 2478 308 2594 aequali
360 2503 462 2576 ιν,
509 2483 550 2560 &
589 2481 770 2591 jungatur
818 2505 926 2580 nar
963 2482 1036 2566 erit
1075 2480 1154 2565 hec
1188 2483 1488 2593 quamproxime

170 2593 327 2708 aequalis
367 2591 498 2708 pundli
540 2593 782 2698 Trajedtoriae
816 2601 832 2696 (
862 2595 967 2702 cujus
993 2623 1021 2676 v
1051 2595 1105 2678 est
1138 2597 1385 2706 vestigium)
1418 2593 1490 2680 dis·
1564 2587 1568 2595 ’

170 2702 356 2796 tantia-a
381 2707 475 2792 Sole
506 2709 624 2790 auttae
656 2703 759 2792 belle
798 2715 908 2794 redlae
936 2711 1140 2813 inr'erjedlae
1172 2711 1274 2794 inter
1304 2714 1487 2824 punctum

170 2821 270 2908 istud
303 2825 344 2904 δι
380 2819 568 2906 chordam
615 2817 725 2905 arctls
772 2825 1012 2928 Trajedloriae
1030 2863 1062 2919 ,·
1093 2817 1212 2934 ipsam
1256 2820 1307 2907 sc.
1346 2823 1406 2896 *s
1444 2825 1486 2908 in

172 2938 303 3024 eredlo
342 2936 513 3050 trapezio
549 2960 620 3018 nu
648 2955 747 3028 aar
786 2935 950 3036 idest,
990 2938 1092 3022 reda
1116 2955 1197 3018 nr*
1236 2940 1395 3049 equalis
1431 2933 1487 3022 eil

172 3054 281 3136 redlae
310 3051 352 3134 in
389 3051 508 3163 plano
540 3052 781 3154 Trajedloriae
817 3053 1022 3149 Cometae,
1055 3051 1229 3164 analoga
1255 3051 1324 3163 ipsr
1352 3077 1416 3136 stt
1446 3050 1487 3134 in

173 3169 256 3270 ejus
287 3164 451 3278 vestigio
486 3165 527 3247 in
567 3165 686 3279 plano
724 3165 950 3278 Eclipticaer
982 3166 1061 3249 hoe
1099 3165 1179 3264 eli,
1213 3191 1241 3249 rr
1270 3205 1297 3264 μ
1325 3167 1487 3276 aequalis

173 3281 229 3364 est
265 3283 463 3364 recteest
502 3278 542 3360 in
585 3279 774 3365 Parabola
809 3283 924 3392 Prop.
963 3305 1047 3362 xx.
1085 3282 1156 3362 Per
1191 3280 1334 3363 Corol.
1368 3283 1485 3388 Prop.

175 3418 314 3480 xvrr.
342 3391 568 3478 conferatur
601 3394 791 3478 velocitas
830 3395 1040 3488 Cometa,
1082 3389 1177 3474 dum
1216 3395 1256 3474 in
1290 3390 1486 3477 Paraboli·

176 3534 223 3593 ca
258 3503 322 3592 sua
357 3505 592 3610 Trajedloria
633 3533 817 3592 movetur
856 3505 907 3591 ad
947 3506 1162 3590 distantiam
1193 3501 1215 3589 ci
1242 3505 1336 3590 Sole
1361 3528 1488 3618 atqua·

177 3623 255 3706 lem
294 3623 402 3706 redlae
437 3643 550 3716 ltu,
593 3646 682 3706 cum
719 3619 951 3706 velocitate.
975 3621 1142 3704 Telluris
1182 3619 1284 3704 circa
1321 3620 1487 3716 Solem,

179 3739 220 3820 δι
251 3733 458 3820 deliniatur
497 3735 600 3818 linea
634 3762 752 3846 quam
785 3735 958 3820 Cometa
1001 3733 1101 3820 diua
1145 3762 1232 3818 cum
1271 3734 1490 3818 velocitate

179 3851 418 3962 aequabiliter
461 3875 591 3933 motus
634 3874 875 3958 percurreret
914 3872 1004 3933 toto
1053 3873 1233 3963 tempore
1276 3877 1359 3962 quo
1395 3845 1487 3929 Tel·

181 3965 242 4048 lus
267 3991 396 4048 arcum
424 3984 534 4046 rte
560 3959 769 4057 describit,
817 3960 898 4046 five
941 3985 1032 4045 toto
1070 3985 1247 4074 tempore
1286 3989 1369 4075 quo
1401 3963 1488 4044 Co·

184 4103 289 4162 meta
320 4105 451 4166 arcum
495 4105 524 4162 n
551 4104 617 4161 cu
660 4077 702 4160 in
758 4075 945 4188 Ecliptiea
984 4078 1195 4187 percurrit,
1237 4077 1278 4160 in
1316 4075 1490 4186 partibus

184 4190 295 4275 arella
343 4218 418 4276 rr
454 4227 475 4268 τ
525 4189 549 4276 a
584 4191 742 4276 Tellure
772 4189 925 4274 interim
966 4189 1167 4302 percursis
1207 4190 1318 4302 quod
1355 4189 1491 4276 sacilli·

180 4333 251 4390 me
285 4305 329 4391 fit
369 4306 493 4392 modo
526 4299 728 4422 sequenti:
793 4302 962 4388 Calculo
1014 4298 1247 4389 subducatur
1284 4303 1494 4421 longitudo

185 4417 298 4506 arctis
339 4445 446 4504 rtr
481 4415 506 4506 ai
535 4423 694 4509 Tellure
730 4411 908 4531 descripti
936 4418 1036 4504 in'ter
1069 4415 1397 4506 Observationem
1424 4417 1497 4530 pri·

186 4561 289 4619 mam
328 4539 369 4617 dc
413 4534 598 4636 tertiam,
650 4531 778 4644 polito
811 4533 964 4648 ‚quovis
1008 4559 1171 4620 numero
1213 4536 1386 4620 rotundo
1420 4555 1496 4644 pro

188 4646 380 4740 mediocri
415 4647 592 4740 distentu
623 4653 750 4738 Terrae
786 4641 810 4732 ὲ
842 4645 969 4756 Solea
1000 4645 1210 4761 longitudo
1252 4653 1391 4763 (pura
1407 4673 1438 4750 ,z
1472 4645 1497 4754 ,)

1411 4783 1502 4874 quat
