4322 5686
728 561 799 648 ,ιε
920 477 1888 636 astronomrarirrsrca·

730 685 873 776 ¹eodem
902 689 994 772 loco
1020 686 1232 772 sentiuntur
1257 717 1268 776 3
1315 691 1355 768 δι
1383 685 1463 768 haec
1492 681 1656 795 quidem-
1678 683 1770 794 quia
1795 682 1893 768 Axis
1916 675 2061 774 dium:

732 799 987 882 revolutionis
1030 797 1080 879 ad
1121 798 1278 906 planum
1320 795 1435 880 Orbis
1479 796 1614 878 Martis
1655 794 1836 876 normalis
1872 790 1955 874 sere
1995 791 2060 874 en

733 905 891 990 Interim
935 907 1065 1006 loca,
1112 908 1153 988 in
1195 903 1350 989 diversts
1383 903 1564 987 distantiis
1603 899 1787 992 imedio
1816 903 1917 987 inter
1941 901 2063 984 Polor

736 1015 881 1102 circulo
903 1075 916 1113 ,
959 1013 1130 1100 diversos
1157 1014 1367 1098 admodum
1390 1014 1534 1096 habent
1562 1011 1717 1096 Caloris
1736 1011 1922 1124 gradus,
1975 1037 2063 1122 pro-

735 1149 822 1235 pter
855 1122 1042 1209 diversam
1082 1124 1276 1210 radiorum
1312 1125 1502 1209 Solarium
1543 1120 1829 1206 inclinationem
1856 1119 1917 1212 ad
1944 1121 2064 1207 Hori-

733 1259 929 1332 zontem,
979 1234 1071 1318 sicut
1105 1237 1143 1316 in
1179 1240 1298 1318 Tetra
1323 1231 1557 1345 AEquinodlii
1584 1253 1759 1340 tempore
1786 1228 1830 1314 fir
1858 1263 1871 1312 r
1927 1227 1987 1314 At
2017 1257 2063 1312 ue

680 1413 683 1420 ,
732 1343 824 1428 hinc
866 1370 969 1428 ortas
1006 1339 1079 1428 else
1106 1340 1249 1428 Fascias
1271 1339 1469 1454 suspicor,
1519 1339 1623 1422 diuo
1651 1341 1795 1425 circulo
1820 1342 1919 1424 inter
1943 1342 2002 1422 Po

735 1453 867 1538 medio
924 1453 1105 1537 arallelas.
1192 1447 1298 1538 cum
1325 1453 1427 1536 enim
1455 1447 1557 1534 idem
1581 1449 1735 1532 Caloris
1825 1448 1893 1530 dus
1919 1449 1961 1532 in
1992 1475 2063 1532 eo·

735 1561 827 1646 dem
861 1481 1030 1646 Csimate
1066 1559 1210 1672 semper
1246 1585 1445 1658 maneat,
1495 1555 1696 1642 verisimile
1713 1587 1749 1642 e
1818 1555 1990 1640 Maculas
2022 1559 2063 1640 in

627 1715 628 1718 κ
736 1673 866 1756 Marte
901 1669 1022 1771 (stcut
1056 1673 1095 1755 in
1133 1678 1251 1758 Terra
1284 1671 1473 1756 nubes&
1506 1669 1665 1765 nivem)
1707 1668 1826 1752 calori
1850 1666 2066 1778 srigon‘que

736 1803 868 1864 ortum
897 1775 1003 1864 suum
1030 1778 1214 1866 debentes
1239 1775 1442 1886 secundum
1467 1775 1568 1862 diua
1591 1779 1764 1862 Climma
1788 1775 1974 1873 extendi,
2009 1772 2065 1860 sa·

737 1886 891 2000 sciaque
914 1886 1062 1976 efficere
1085 1891 1232 1974 circulis
1256 1888 1512 1975 revolutionis
1536 1886 1680 1974 ditunae
1701 1889 1834 1970 Martis
1848 1884 2063 1996 parallelas

736 1997 849 2111 quod
883 2001 1000 2082 etiam
1034 1997 1085 2083 de
1116 2000 1219 2108 Jove
1240 2027 1377 2084 verum
1409 1997 1498 2098 est,
1541 1991 1629 2082 citm
1650 1998 1717 2084 llle
1741 2023 1850 2111 aeque
1882 2020 1929 2080 ac
1960 1997 2064 2082 Mars

726 2131 929 2220 ,perpetuo
956 2109 1122 2224 gaudeat
1146 2109 1407 2223 AEquinodio.

795 2325 932 2412 Martis
970 2329 1098 2414 incola
1128 2329 1227 2414 duos
1262 2330 1383 2416 cernit
1423 2329 1599 2416 Planetas
1632 2321 1881 2440 superiores,
1924 2325 2063 2434 Jovetu

739 2438 782 2518 dr
813 2439 1050 2537 Saturnum,
1098 2437 1272 2551 duosque
1302 2438 1544 2538 inferiores,
1588 2442 1745 2523 Terram
1772 2445 2063 2550 Veneremquer

555 2595 557 2600 ’
739 2547 1352 2768 llllsluhllssalsssslssll²
1377 2544 2064 2742 smislaeullffibsusa‘siiibi

742 2765 912 2874 (quippe
944 2791 1021 2849 nun
1052 2793 1140 2848 uam
1162 2767 1281 2879 longe
1308 2767 1405 2852 ultra
1436 2767 1543 2880 Signi
1567 2683 1797 2851 semissem}
1827 2763 1922 2849 Sole
1958 2764 2064 2847 elon-

741 2875 903 3062 gatum)
932 2872 998 2956 nist
1020 2793 1152 2971 sorte,
1181 2876 1338 2959 maeulae
1361 2876 1496 2973 instar,
1524 2877 1623 2960 Solis
1643 2873 1784 2960 discum
1794 2869 2062 2960 transeuntem

759 2981 875 3064 altem
891 2979 918 3062 st
934 2983 1052 3064 Marti
1065 2981 1283 3068 circumfusa
1297 2983 1342 3070 lit
1354 2981 1602 3096 atmosphaeta
1610 2984 1789 3068 Tetrestti
1800 2983 1938 3067 nostrae
1951 2983 2062 3094 atqui-

743 3085 859 3173 eralia
899 3093 938 3172 δι
974 3092 1137 3200 ampla,
1185 3092 1339 3203 qualem
1374 3119 1537 3206 arguunt
1569 3091 1857 3178 observationes
1890 3093 2062 3176 Piranuu

744 3194 1028 3283 obscuratamn‘r
1059 3203 1099 3281 δι
1134 3227 1255 3310 prope
1290 3203 1538 3287 extindianun
1578 3229 1667 3286 ante
1696 3229 1784 3286 uam
1817 3203 1957 3286 Martis
1984 3203 2063 3314 glo-

745 3308 839 3434 btun
870 3311 1056 3420 attingere
1094 3307 1284 3396 videntur.
1364 3317 1558 3398 Venerem
1584 3309 1608 3398 a
1633 3232 1725 3397 stille
1752 3308 1975 3426 elongatam
2007 3311 2067 3394 vi-

744 3416 854 3500 debat
884 3441 1070 3530 quantum
1098 3445 1171 3502 nos
1196 3421 1459 3522 Mercurium,
1499 3425 1733 3532 Terramque
1792 3443 1944 3506 uantum
1967 3424 2066 3504 Teu

744 3551 788 3610 ra
808 3529 1040 3609 Venerem:
1097 3528 1280 3641 Cumque
1305 3529 1472 3631 Tellus,
1519 3529 1695 3614 &Marte
1720 3534 1836 3629 v'a,
1870 3527 1951 3613 Soli
1980 3526 2067 3615 sere

746 3635 947 3740 conjundla
984 3641 1023 3719 &
1060 3639 1234 3738 proxima
1264 3663 1422 3751 apparet
1455 3699 1470 3739 ,
1527 3639 1621 3726 illud
1660 3642 1699 3722 in
1748 3646 1866 3725 Terta
1912 3637 2066 3724 videbit

571 3753 586 3782 ⁹
744 3743 856 3859 quod
886 3744 952 3827 Cl.
972 3745 1026 3828 D.
1048 3739 1205 3854 Caffinus
1232 3742 1345 3834 semel
1377 3743 1484 3833 bisve
1510 3749 1550 3833 in
1579 3753 1734 3834 Venere
1758 3783 1769 3840 ς
1809 3773 1951 3856 nempe
1981 3751 2064 3834 Pla·

725 3879 874 3938 -uetam
910 3853 1128 3941 inferiorem
1166 3855 1387 3958 falcatum,
1430 3859 1709 3972 Comitemque
1745 3851 1908 3963 ejusdem
1946 3855 2064 3969 pluis

740 3965 850 4068 juxta
896 3963 1100 4075 positum,
1148 3975 1305 4080 quem,
1353 3995 1440 4054 cum
1480 3967 1684 4056 maxime,
1724 3993 1804 4054 non
1835 3961 1889 4050 ad
1925 3967 2063 4078 gradus
2152 4049 2153 4054 t

744 4073 921 4159 trientem
949 4075 1001 4161 ab
1030 4074 1101 4161 illo
1125 4076 1350 4191 elongatum
1373 4075 1538 4162 videbit.

795 4285 1049 4384 Astronomus
1081 4295 1122 4378 in
1155 4298 1284 4384 Marte
1318 4295 1462 4411 politus
1499 4263 1634 4382 mediis
1673 4295 1823 4407 penitus
1867 4293 1923 4378 est
1950 4289 2061 4378 desti-
2150 4219 2153 4242 ⁴

743 4413 879 4503 “ima
918 4399 1058 4510 quibus
1087 4404 1273 4503 caterua
1303 4433 1469 4522 corpora
1493 4408 1614 4584 blasti
1642 4401 1712 4494 fito
1742 4401 2063 4618 ⁰⁰¹¹&aeanss
