4336 5692
763 657 835 750 598
950 637 1489 724 'ASTMNOMIAE
1544 635 1897 718 rnrslcae

763 791 867 874 xime
896 781 1012 868 etiam
1042 781 1195 870 distabit
1220 813 1233 872 a
1275 779 1448 890 ideoque
1479 804 1553 891 pro
1579 777 1834 865 inclinatione
1863 780 1970 892 plani
1993 783 2063 865 Or·

765 901 856 986 bitae
886 897 1069 984 Satellitis
1096 896 1147 982 ad
1179 897 1337 1008 planum
1372 893 1521 976 Orbita
1547 885 1748 991 Primarii,
1775 921 1928 1006 proque
1952 897 2062 980 Orbi-

681 1082 685 1090 1
767 1040 814 1100 tte
846 1013 1028 1097 Satellitis
1058 1009 1359 1122 magnitudine,
1392 1002 1561 1118 Eclipses
1584 1005 1689 1090 illinc
1716 1033 1811 1091 orrrt
1836 1033 1949 1092 erunt
1969 1015 2062 1112 <ca-

671 1161 672 1164 ‘
768 1130 858 1212 teris
888 1125 1066 1236 paribus)
1094 1124 1159 1206 vel
1199 1121 1447 1221 brevilsrmae,
1471 1122 1536 1203 vel
1561 1113 1689 1205 forsan
1715 1121 1841 1205 nullae.
1894 1125 2061 1207 inlotis

701 1309 705 1316 .
767 1239 1003 1324 intermediis
1032 1235 1216 1321 Satellitis
1245 1236 1319 1319 Via
1344 1236 1444 1319 titca
1470 1235 1740 1320 Primatiume
1768 1235 1866 1318 Sole
1894 1231 1974 1320 visa
1995 1241 2063 1321 erit

767 1349 926 1466 Ellipfis'
943 1353 1070 1436 minus
1099 1351 1209 1449 lata,
1234 1349 1494 1462 praedidlaque
1521 1350 1654 1432 omnia
1681 1343 1953 1432 miscebuntur.
1999 1354 2066 1436 At·

768 1467 848 1579 'que
878 1461 1012 1548 Phases
1049 1464 1106 1547 har
1132 1491 1269 1548 omnes
1296 1466 1528 1582 contingent
1551 1461 1612 1544 bis
1644 1462 1684 1545 in
1713 1489 1790 1548 una
1818 1464 2067 1550 revolutione

769 1581 942 1666 Primatii
969 1581 1066 1662 circa
1097 1579 1256 1676 Solem,
1282 1576 1310 1660 st
1336 1577 1551 1661 Nodorutn
1580 1575 1699 1660 Linea
1724 1575 1792 1660 libi
1823 1571 1971 1688 semper
2005 1608 2066 1690 pa·

769 1694 904 1779 tallela
929 1715 1114 1780 maneata
1149 1689 1203 1774 fin
1227 1691 1308 1774 haec
1332 1716 1562 1787 moveatur,
1588 1690 1792 1801 continget
1809 1687 1984 1774 Phafium
2003 1721 2068 1778 va-

762 1811 886 1892 rictas
906 1805 1063 1905 omnia,
1090 1833 1140 1888 ex
1165 1831 1251 1916 quo
1268 1805 1334 1888 ista
1360 1805 1573 1890 Nodorum
1591 1805 1710 1888 Linea
1733 1801 1921 1918 produdla
1951 1809 2068 1890 itrSo

769 1920 850 2006 lem
876 1917 1013 2004 incidit
1037 1975 1054 2016 ,
1087 1917 1216 2002 donec
1245 1912 1369 2003 rursus
1396 1913 1528 2004 versus
1550 1915 1720 2016 eundem
1744 1915 1942 2028 dirigatur.
1988 1921 2068 2004 lite

769 2029 994 2132 converso,
1021 2026 1077 2118 ex'
1098 2031 1177 2116 istis
1210 2029 1415 2143 Eclipsmm
1452 2029 1518 2117 vel
1546 2029 1842 2144 longiffimarum
1877 2033 1944 2116 vel
1983 2033 2070 2118 bre-

768 2145 1000 2231 vilsrmarum
1023 2139 1390 2246 observationibus,
1414 2146 1526 2230 lineae
1549 2143 1761 2229 Nodontm
1790 2145 1972 2229 satellitis
2028 2174 2070 2228 o·
2119 2177 2122 2190 ·

768 2253 857 2344 litio
874 2259 1039 2374 &plani
1061 2257 1208 2342 Orbita
1232 2258 1416 2348 satellitis
1454 2258 1508 2346 ad
1534 2260 1697 2374 planum
1720 2256 1869 2345 Orbita
1899 2260 2066 2364 primani

694 2483 699 2494 ι
755 2371 974 2473 ‘inclinatio
1002 2370 1250 2458 definientur.
1410 2421 1427 2454 .

1007 2563 1559 2652 PROPOSITIO
1628 2565 1799 2650 LXX.

766 2753 916 2844 hanla*
937 2751 1113 2839 Saturni?
1143 2749 1323 2864 Phasesl
1354 2752 1470 2840 Tem
1495 2754 1686 2869 spellam
1709 2753 1904 2874 dess'ra'bcre
1938 2755 1987 2849 ἀ
2009 2757 2066 2850 ὅτε·

809 2869 953 2980 finire.

857 3062 942 3145 Icet
975 3057 1127 3144 Annuli
1163 3059 1330 3143 Saturnii
1357 3055 1494 3148 Phases
1523 3061 1546 3148 ὲ
1574 3061 1669 3149 Sole
1696 3058 1869 3179 spellam
1897 3063 1972 3151 lint
1992 3061 2072 3150 fere

881 3174 1030 3258 tardem
1046 3201 1135 3257 cum
1169 3177 1250 3278 ejus
1274 3173 1454 3261 Phastbua
1480 3177 1502 3261 ὲ
1534 3180 1689 3264 Tellure
1719 3177 1914 3296 spedlatis,
1939 3201 1957 3290 (
1978 3181 2069 3290 quia

768 3290 924 3377 Saturni
960 3289 1071 3371 locus
1099 3289 1381 3390 Geocentticus
1410 3289 1460 3374 ab
1492 3288 1658 3397 ejusdcm
1692 3295 1786 3378 loco
1813 3293 2070 3378 Heliocentti·

769 3431 851 3500 co,
874 3404 994 3486 etiam
1020 3429 1108 3484 cum
1131 3400 1324 3500 manime,
1353 3404 1421 3486 vix
1446 3405 1558 3490 distat
1573 3401 1637 3488 sex
1669 3408 1896 3520 gradibus,)
1924 3413 1964 3490 δι
1981 3433 2071 3520 pro-

769 3516 865 3598 inde
897 3543 967 3626 per
993 3519 1112 3628 Prop.
1130 3513 1237 3627 pr'aec.
1267 3511 1529 3609 definiendae}
1585 3547 1672 3604 com
1704 3546 1836 3604 tamen
1861 3523 1902 3602 in
1919 3514 2071 3633 quibus·

764 3629 855 3712 dam
883 3626 1090 3724 differant,
1127 3628 1316 3740 praecipue
1340 3633 1508 3718 Saturno
1533 3635 1709 3718 rotundo
1740 3661 1973 3751 apparente,
1990 3637 2071 3721 illa·

764 3771 849 3828 tum
877 3739 1112 3828 differentias
1139 3741 1312 3828 breuiter
1344 3748 1605 3830 ostendemus.

554 3905 762 3994 mm
823 3857 882 3940 Sir
912 3883 955 3939 ut
991 3857 1094 3966 prius
1124 3857 1260 3954 sSol,
1297 3883 1363 3940 aa
1385 3887 1396 3941 1
1417 3884 1445 3942 u
1484 3861 1623 3946 Orbita
1649 3861 1835 3964 Saturni,
1861 3889 1979 3948 ocr
2004 3865 2071 3954 Or·

609 4013 661 4089 ,p
682 4031 709 4070 2,
755 3971 849 4053 &bita
868 3969 1037 4052 Telluris,
1057 3996 1182 4052 annua
1219 4001 1236 4060 a
1270 3979 1286 4072 (
1313 3977 1563 4084 nequeenim
1589 3981 1669 4081 ejus
1692 3977 1990 4063 inclinationem
2023 3973 2072 4060 ad

768 4083 917 4171 Orbem
937 4083 1093 4166 Saturni
1115 4141 1129 4180 ,
1155 4086 1301 4200 quippe
1322 4084 1541 4170 admodum·
1567 4117 1727 4200 parvam
1754 4151 1768 4190 ‚
1809 4093 1873 4176 hic
1896 4091 2073 4176 confide·

762 4223 916 4288 tamus-3
943 4199 960 4307 )
988 4197 1186 4308 fintquen
1211 4201 1251 4280 dt
1279 4223 1292 4276 1
1319 4199 1409 4282 lota·
1446 4200 1593 4285 Orbitae
1619 4207 1812 4305 Saturni,
1855 4207 1896 4289 in
1928 4206 2074 4318 quibus

761 4312 945 4395 Saturnus
975 4313 1100 4394 existit
1137 4339 1230 4392 cum
1265 4311 1414 4396 Annuli
1447 4311 1503 4399 sui
1540 4319 1697 4429 planum
1731 4319 1963 4430 produdlum
2004 4345 2074 4431 per

604 4496 609 4504 .
764 4425 900 4507 Solem
930 4423 1089 4536 tran-stt,
1123 4431 1162 4508 ἃ
1187 4428 1476 4536 AEquinodlium
1507 4429 1560 4512 in—
1582 4437 1748 4517 Saturno
1776 4435 1853 4534 fit,
1883 4431 2075 4518 fiAnnu·

759 4537 819 4620 lus
859 4535 903 4620 stt
946 4538 986 4619 in
1021 4539 1141 4648 plano
1183 4544 1406 4652 AEquatotis
1444 4549 1484 4624 dt
1523 4547 1708 4632 Saturnus
1737 4548 1838 4632 circa
1869 4547 2076 4660 proprium

758 4675 871 4737 axem
894 4677 1061 4740 rotetur.
1100 4655 1222 4738 Patet
1250 4653 1397 4765 quod,
1433 4657 1600 4755 Saturno
1623 4661 1664 4744 in
1690 4685 1715 4744 a
1738 4664 1809 4746 -vel
1843 4687 1857 4744 1
1893 4658 2074 4774 posrto,

1914 4778 2061 4863 Annu-
