4376 5694
741 601 809 702 ‚tt
954 578 1494 670 :astronom
1540 581 1878 664 rnrsrcn

539 771 603 832 ru.
616 735 867 852 mmiiquis
905 736 1154 824 manentious
1196 731 1242 817 fit
1288 731 1530 844 cpundium
1562 727 1731 814 Telluris
1765 729 1830 814 cui
1865 729 1977 814 Luna
2003 729 2059 816 ed

538 851 707 930 ΨΜ
750 858 790 940 in
823 854 997 950 Zenkh,
1030 858 1073 934 dc
1106 877 1131 932 n
1159 851 1267 954 cujus
1299 843 1429 929 Nadir
1466 847 1577 928 Luna
1610 869 1750 942 tenet,
1774 873 1800 927 u
1824 845 1866 926 dt
1886 868 1915 928 o
1944 874 2061 959 punc.

752 993 793 1053 ta
821 969 1067 1052 circumcirca
1096 971 1114 1066 (
1146 963 1225 1048 sne
1249 962 1381 1074 potius
1408 955 1608 1066 titurius)
1637 957 1780 1070 quritus
1812 957 1923 1044 Luna
1946 961 2060 1044 estin

753 1083 986 1196 Horizonte.
1046 1083 1189 1192 Liquet
1216 1073 1346 1208 quod·
1364 1077 1605 1188 pundumo
1641 1072 1808 1156 mxime
1846 1073 1957 1159 distat
1993 1074 2057 1157 ar

752 1226 842 1284 cum
871 1202 1053 1310 punctum
1087 1195 1191 1276 test
1232 1216 1300 1273 aut
1333 1188 1598 1271 meautin
1629 1187 1750 1275 ntin
1783 1189 1903 1299 priori
1931 1183 2060 1272 casuo

753 1315 895 1422 migret
935 1309 975 1392 in
1002 1337 1058 1408 n,
1090 1309 1130 1392 in
1163 1297 1365 1417 posteriori
1395 1302 1435 1383 in
1473 1327 1519 1384 n.
1574 1301 1682 1384 Cum
1718 1329 1815 1384 vero
1849 1306 2059 1414 pundtumt

753 1425 954 1512 invenitur
971 1427 1010 1508 in
1029 1423 1176 1508 circuio
1195 1443 1217 1501 u
1236 1443 1290 1516 o,
1316 1421 1544 1528 pundumo
1568 1411 1758 1498 coincidit
1776 1413 1859 1499 fere
1884 1445 1972 1502 cum
2011 1443 2062 1517 τ,

753 1541 940 1650 nullaque
987 1541 1027 1620 in
1056 1535 1162 1618 fluidi
1195 1525 1368 1642 p'artibus
1398 1533 1440 1614 in
1486 1527 1591 1612 diuo
1620 1530 1779 1634 ⁸circulo
1809 1553 1877 1612 no
1914 1526 2062 1616 veron

754 1654 860 1740 tibus
883 1651 1113 1764 relinquitur
1152 1649 1224 1730 Vis
1262 1668 1400 1758 prater
1433 1643 1540 1727 illam
1584 1643 1799 1727 Gravitatis
1822 1646 1983 1758 propria
2024 1651 2062 1729 dt

755 1769 917 1854 aiteram
954 1767 1062 1849 illam
1105 1786 1149 1846 ut
1186 1789 1260 1844 ro
1302 1786 1392 1842 cum
1426 1757 1640 1859 direffione
1667 1783 1759 1847 rot
1788 1753 1867 1870 ipsa
1898 1787 2061 1844 vetoto

756 1880 899 1967 inhoc
929 1874 1016 1965 cusu
1039 1875 1084 1963 fit
1120 1903 1187 1960 ur
1218 1897 1287 1960 aut
1316 1897 1344 1955 o
1362 1901 1419 1970 τ,
1443 1876 1589 1986 pundto
1619 1893 1755 1954 rcum
1787 1897 1817 1954 K
1847 1873 2063 1958 coincideu·

756 2019 812 2082 te.
869 1994 1067 2081 Particulae
1095 1990 1212 2104 igitur
1238 1984 1346 2072 fluidi
1386 1984 1440 2072 ad
1468 2011 1495 2068 c
1522 1989 1563 2068 δι
1585 2011 1640 2085 n,
1679 2013 1767 2070 cum
1801 2013 1940 2098 praeter
1975 1992 2063 2072 Gn-

756 2111 921 2196 vitatem
950 2107 1148 2221 propriam
1175 2097 1306 2188 versus
1341 2126 1519 2186 centrum
1549 2127 1578 2186 t·
1607 2125 1850 2214 urgeantur,
1884 2103 1959 2188 illa
1982 2103 2064 2216 qui.

757 2223 850 2308 dem
895 2223 946 2310 Vi
983 2245 1030 2305 ut
1058 2247 1091 2302 n
1119 2245 1146 2300 τ
1181 2242 1271 2300 curn
1300 2213 1512 2299 direptione
1559 2213 1611 2298 ab
1651 2241 1685 2298 n
1723 2210 1853 2301 versus
1897 2245 1953 2316 τ,
1990 2217 2063 2300 hoc

714 2334 892 2436 'tibi
929 2359 955 2419 c
989 2325 1199 2420 versusut
1238 2330 1297 2414 hae
1330 2356 1430 2413 vero
1457 2329 1512 2414 Vi
1543 2353 1590 2413 ut
1620 2353 1706 2414 Ντ
1733 2357 1822 2414 curn
1854 2329 2062 2416 direstione

755 2451 808 2539 ab
843 2478 873 2535 n
916 2443 1045 2534 versus
1083 2473 1139 2543 τ,
1186 2442 1265 2530 hoc
1306 2443 1390 2541 est',
1432 2442 1485 2529 ab
1531 2439 1718 2530 nversus
1747 2471 1928 2536 utnon
1956 2471 2062 2531 entur
2160 2529 2161 2550 g

758 2593 838 2650 tam
863 2591 1003 2676 graves
1034 2555 1166 2646 versus
1206 2585 1381 2644 centrum
1415 2587 1444 2643 τ
1476 2580 1597 2670 atque
1634 2557 1663 2644 st
1697 2561 1767 2644 Vis
1802 2557 1826 2646 ὲ
1857 2565 1970 2648 Luna
2008 2589 2063 2644 or·
2160 2597 2161 2650 ³

758 2703 799 2762 ta
831 2675 1001 2762 abeiiet:
1033 2673 1114 2760 Sed
1142 2672 1338 2787 particule
1362 2670 1413 2754 ad
1437 2703 1463 2756 c
1498 2667 1627 2759 versut
1653 2676 1800 2758 Lunam
1826 2677 2062 2760 attrahuntur

757 2791 880 2902 magis
915 2816 1034 2902 quam
1069 2793 1188 2872 Tetra
1223 2788 1373 2898 integra
1408 2813 1495 2900 quae
1527 2786 1568 2868 in
1602 2801 1740 2873 cent'ro
1778 2819 1806 2874 τ
1841 2791 1973 2877 locata
2010 2790 2063 2871 in·

757 2905 979 3014 telligitur3
1013 2906 1054 2984 dt
1100 2900 1294 3013 particula
1326 2899 1377 2985 ad
1419 2927 1447 2984 n
1488 2895 1617 2985 versus
1647 2907 1796 2988 Lunam
1825 2906 2063 2989 attrahuntur

756 3018 884 3102 minut
914 3043 1032 3130 quam
1071 3021 1191 3098 Terra
1217 3013 1366 3124 integra
1393 3012 1433 3096 in
1459 3041 1518 3113 τ,
1565 3021 1605 3098 dc
1641 3017 1822 3130 proinde·
1851 3021 1939 3132 post
1976 3024 2064 3101 Ter-

756 3157 839 3214 ram
872 3130 977 3244 quasr
1011 3131 1150 3214 relicta
1186 3127 1356 3211 [imiliter
1396 3125 1612 3213 afficiuntur
1639 3160 1760 3245 atque
1793 3132 1820 3218 fi
1852 3134 1903 3216 ad
1940 3159 2066 3244 partes

755 3245 968 3332 contrarias
992 3241 1121 3328 vetius
1141 3274 1172 3326 u
1208 3243 1451 3328 traherentur
1467 3276 1476 3321 ε
1491 3322 1494 3330 ,
1511 3245 1704 3356 particula
1728 3275 1826 3332 vero
1854 3249 1893 3330 in
1921 3246 2064 3330 circulo

620 3453 626 3466 ,
689 3370 697 3384 “
755 3385 850 3459 uo,
887 3363 992 3464 cujus
1045 3357 1186 3442 incolis
1229 3358 1338 3440 Luna
1386 3359 1649 3444 Horizontem
1690 3384 1825 3458 tenet,
1869 3361 2065 3475 graviores

755 3469 843 3556 sunt
870 3468 999 3556 versus
1033 3501 1089 3562 tr
1131 3497 1219 3554 nam
1250 3494 1387 3584 praetet
1419 3473 1663 3558 Gravitatem
1695 3478 1890 3588 propriam
1915 3475 1991 3558 alia
2024 3497 2065 3556 ut

647 3599 653 3610 '
754 3616 781 3670 a
799 3613 827 3666 τ
863 3585 929 3669 vel
960 3612 987 3667 D
1014 3613 1040 3666 τ
1085 3583 1189 3668 >atti
1226 3589 1341 3669 Lunae
1382 3584 1547 3672 oriunda
1581 3584 1848 3700 superadditur
1883 3617 1973 3673 cum
2013 3585 2065 3670 di·
2161 3651 2162 3664 ,

756 3695 983 3814 rediioneti
1022 3723 1045 3782 u
1083 3699 1150 3782 vel
1180 3725 1208 3782 o
1246 3692 1375 3782 uersus
1415 3727 1457 3782 r.
1522 3701 1567 3786 In
1599 3703 1697 3786 locis
1740 3706 1840 3788 inter
1878 3731 1906 3784 n
1946 3705 2063 3786 vele
2161 3731 2162 3736 ¹

763 3819 804 3898 dc
836 3809 865 3896 u'
890 3817 955 3898 vel
992 3841 1020 3898 o
1055 3810 1292 3897 intermediis
1340 3814 1534 3926 particulae
1572 3815 1861 3902 conditionibus
1901 3811 2065 3928 utrisque

764 3930 931 4040 praditae
967 3925 1079 4026 sunt,
1127 3955 1290 4038 quarum
1329 3927 1410 4012 haec
1439 3930 1504 4014 vel
1538 3929 1605 4015 illa
1639 3933 1821 4044 praevalet
1849 3953 1970 4043 prout
2010 3930 2064 4010 his

763 4045 830 4126 vel
858 4043 933 4125 illis
963 4039 1048 4128 sunt
1077 4042 1315 4132 viciniorem
1357 4071 1498 4156 nempe
1530 4072 1614 4155 quo
1644 4049 1848 4158 propiores
1874 4042 1964 4132 suut
1987 4043 2063 4126 flui-

758 4153 799 4238 di
825 4157 1024 4241 Terrestris
1046 4180 1173 4266 partes
1207 4157 1355 4263 pondis
1384 4184 1410 4238 c
1437 4161 1478 4242 dt
1506 4186 1533 4237 n
1558 4187 1609 4242 eo
1640 4161 1766 4244 minus
1790 4187 1929 4271 grates
1957 4154 2061 4252 sunt,

759 4271 912 4354 actione
940 4296 1081 4378 nempe
1110 4269 1226 4351 Lunae
1256 4275 1272 4371 (
1301 4264 1350 4354 sc.
1383 4273 1433 4355 Vi
1448 4294 1500 4354 ‘ut
1530 4273 1641 4381 or)
1665 4275 1757 4356 Vim
1790 4272 1952 4386 proptia
1969 4272 2062 4354 Gra-

740 4382 891 4465 ·titatis
916 4378 1043 4466 versus
1061 4411 1088 4465 τ
1117 4382 1348 4482 minuente,
1383 4389 1426 4471 ,ἃ
1460 4415 1544 4498 quo
1564 4387 1767 4500 propiores
1797 4385 1883 4472 sunt
1917 4385 2062 4498 punctis

760 4499 849 4578 u&
876 4521 902 4578 ι)
933 4523 982 4580 eo
1012 4496 1208 4609 graviores
1236 4493 1347 4593 sunt,
1385 4497 1522 4585 eidem
1560 4504 1712 4584 actione
1742 4502 1884 4587 Lunari
1927 4498 2063 4581 Gravi-

757 4631 877 4700 tatem
905 4613 1102 4726 propriam
1140 4613 1182 4700 in
1222 4611 1302 4698 hoc
1342 4609 1428 4700 casu
1475 4639 1643 4729 augente
1673 4643 1744 4729 per
1774 4617 1867 4702 Vim
1901 4638 1944 4698 ut
1950 4640 1996 4812 cr
2022 4639 2060 4693 o.

1993 4751 2059 4807 um
