4420 5692
668 583 740 672 438
862 567 1402 648 narraveram
1458 571 1813 652 rursrcae

678 711 751 804 est·
769 707 967 821 reciproce
1001 727 1045 789 ut
1079 694 1385 813 correspondens
1412 734 1440 790 τ
1464 705 1480 788 s
1507 740 1518 799 ς
1552 735 1673 820 quare
1706 713 1747 792 δι
1775 735 1837 791 ce
1862 699 1984 810 (e'ani

501 797 648 858 mm
647 810 667 860 ¹·
681 823 772 908 dem
805 847 996 936 perpetuo
1023 815 1074 902 ad
1096 814 1156 895 be
1189 819 1382 901 rationem
1414 821 1604 932 habens)
1648 821 1721 906 erit
1751 824 1869 908 etiarn
1893 823 1989 908 reci·

545 875 599 956 Fig.
620 898 644 940 t.

541 1027 544 1032 ,
682 965 802 1053 proce
826 962 869 1020 ut
894 964 921 1017 τ
939 935 983 1014 l:
1025 931 1208 1041 adeoque
1244 930 1381 1014 harum
1407 961 1655 1050 aggregatum
1687 962 1775 1036 cv,
1802 941 1843 1018 δι
1872 936 1986 1022 inter-

681 1053 828 1135 vallum
867 1045 932 1132 cb
962 1045 1089 1133 eidem
1125 1072 1152 1126 v
1178 1043 1197 1119 l
1219 1047 1419 1156 reciproce
1449 1049 1766 1164 proportionalia·
1801 1047 1919 1140 sunta
1947 1055 1991 1134 δι’

683 1164 851 1279 proinde
876 1159 1137 1273 redangulum
1167 1147 1236 1240 sub
1275 1159 1378 1260 illis,
1419 1157 1466 1245 sc.
1494 1191 1559 1253 rc
1593 1200 1614 1244 x
1651 1162 1746 1263 cb,
1790 1163 1993 1273 reciproce

684 1275 979 1394 proportionale
997 1273 1065 1358 est
1098 1267 1291 1398 quadrato
1325 1275 1437 1390 ipsius
1462 1306 1490 1362 τ
1512 1284 1540 1361 Ι.
1600 1281 1724 1362 Porro
1749 1275 1854 1389 (per
1877 1275 1996 1386 Prop.

686 1417 819 1476 xxxv.
844 1390 912 1474 vel
942 1411 1089 1478 xxxvl.
1131 1379 1196 1466 El.
1229 1391 1358 1500 111.·)
1381 1415 1457 1487 er>
1484 1429 1507 1473 κ
1535 1417 1560 1476 c
1586 1421 1614 1476 a
1645 1427 1708 1464 =
1739 1421 1762 1479 u
1789 1416 1859 1474 ex
1894 1387 1990 1490 cb,

573 1551 577 1558 ’
684 1565 764 1644 hoc
801 1559 894 1659 est,
930 1583 955 1640 c
981 1583 1010 1641 o
1033 1595 1097 1636 =
1125 1497 1370 1714 Ρὲἷ-ἓοόε
1411 1555 1620 1673 Adeoque·
1644 1583 1723 1644 co
1756 1559 1797 1644 in
1836 1557 1914 1680 hoc
1935 1583 1995 1646 re*

686 1756 771 1815 rurn
802 1729 899 1813 statu
934 1727 989 1812 est
1030 1730 1083 1818 ad
1117 1712 1323 1848 analogarn
1362 1723 1438 1826 cu·
1472 1730 1513 1815 in
1554 1717 1633 1816 alio
1672 1731 1818 1844 quovis
1849 1727 1998 1814 direde·

687 1869 732 1940 ut
764 1843 935 1946 hocrc
966 1877 987 1922 κ
1016 1843 1083 1928 cb
1119 1849 1175 1934 ad
1201 1845 1299 1934 istud
1329 1844 1433 1930 aliud
1464 1872 1523 1928 rc
1553 1881 1576 1924 κ
1601 1841 1693 1943 cb,
1728 1842 1995 1954 &reciproce

688 1982 732 2039 ut
770 1957 851 2038 hate
883 1984 949 2042 ce
984 1963 1086 2044 reda
1120 1962 1174 2047 ad
1203 1964 1318 2064 aliam
1353 1960 1461 2041 istam
1502 1988 1568 2044 co
1595 1957 1717 2044 fimus.
1776 1957 1857 2040 Sed
1887 1951 1998 2069 supra

689 2061 881 2154 ostensum
912 2072 965 2155 est
998 2067 1074 2158 else
1100 2099 1119 2156 v
1141 2106 1164 2162 c
1185 2113 1206 2157 κ
1230 2105 1252 2160 c
1279 2071 1302 2152 b
1333 2074 1600 2186 reciprocetur
1630 2067 1862 2184 quadratum
1887 2073 1998 2158 redte

691 2183 878 2274 tlt'&
921 2213 1002 2268 cc
1050 2189 1322 2278 cst'ut‘hut'c
1360 2190 1537 2300 proxime
1580 2185 1889 2298 aqualisue,
1931 2185 1999 2270 vel
2127 2195 2135 2212 “

690 2322 736 2384 ut
773 2299 853 2401 ejus
897 2297 1101 2381 dimidium
1145 2331 1174 2388 v
1206 2328 1233 2386 ι)
1269 2301 1338 2387 vel
1378 2299 1489 2398 rb,
1534 2300 1601 2382 vel
1633 2298 1684 2383 ab
1723 2296 1797 2390 hac
1841 2298 2005 2386 minirne

691 2405 842 2495 diversa
865 2439 893 2492 τ
914 2409 932 2488 l
947 2442 956 2490 r
996 2411 1196 2526 Adeoque
1236 2433 1308 2498 c'u
1339 2413 1381 2496 in
1410 2411 1490 2498 hoc
1522 2411 1628 2496 orbis
1659 2409 1903 2503 revolventis
1929 2411 2004 2502 ficu

692 2522 833 2612 estad
874 2521 1044 2611 similiter
1079 2530 1310 2640 productam
1349 2551 1421 2610 cr>
1463 2527 1504 2608 in
1536 2526 1615 2614 alio
1651 2525 1797 2638 quovis
1833 2518 2001 2630 ejusdem

688 2635 789 2739 ficu(
806 2637 884 2722 hoc
901 2639 979 2737 est,
1000 2639 1217 2728 differentia
1239 2643 1379 2728 viriurn
1399 2641 1731 2750 centripetaruru‚
1755 2636 1897 2748 quibua
1920 2667 2002 2725 cor·

691 2777 765 2865 pus
797 2751 838 2833 in
872 2750 970 2836 orbe
997 2753 1218 2866 quiescente
1255 2761 1297 2838 δι
1338 2779 1479 2867 corpus
1510 2752 1615 2838 aliud
1646 2753 1687 2834 in
1721 2749 1864 2835 eodem
1904 2753 2008 2840 orbe·

694 2863 927 2949 revolvente
962 2868 1158 2977 equaliter
1200 2869 1352 2954 moveri
1380 2865 1534 2978 possunt
1546 2924 1561 2964 ,
1606 2866 1647 2950 in
1679 2863 1896 2958 altitudine,
1927 2896 1955 2950 τ
1972 2895 2000 2950 n

692 2979 759 3061 vel
792 2977 856 3058 vs
884 2978 938 3060 est
963 2979 1031 3064 ad'
1050 2979 1207 3068 fimrlenr
1236 2984 1376 3088 virium
1401 2978 1658 3066 differentiam
1687 2979 1728 3060 iu
1758 2979 1834 3060 alia
1865 2983 2009 3092 quavis

693 3087 938 3199 altitudine)
978 3096 1180 3208 reciproce
1203 3123 1247 3183 ut
1277 3095 1509 3211 quadrarum
1538 3094 1677 3206 prioris
1709 3091 1920 3178 altitudinis
1951 3093 2004 3179 ad

694 3201 930 3318 quadrantur
959 3209 1205 3318 posterioris,
1246 3215 1287 3296 δι
1326 3211 1525 3323 reciproce
1555 3231 1599 3290 ut
1631 3204 1799 3292 altitudo
1822 3196 1928 3320 p‘rior
1952 3205 2006 3292 ad

695 3317 942 3410 altitudinem
965 3325 1224 3432 ,postmorem
1251 3322 1489 3414 simulante
1527 3323 1580 3404 est
1592 3378 1606 3418 ‚
1645 3319 1843 3431 reciproce
1872 3345 1916 3406 ut
1936 3347 2004 3404 cun

694 3434 770 3517 rus
798 3431 1012 3518 aurnuns
1051 3439 1190 3547 prioris
1231 3439 1282 3524 au
1323 3437 1466 3522 cubum
1504 3433 1716 3518 arrrtudrnn
1746 3409 2008 3542 posterioris:

697 3545 872 3644 nuccii,
908 3550 926 3655 (
955 3547 1128 3634 breviter
1159 3553 1365 3668 loquendo
1394 3549 1553 3634 deuna
1585 3545 1811 3644 altitudine,
1842 3574 1930 3632 curn
1953 3548 2038 3630 de·

698 3655 848 3740 duabus
892 3661 994 3744 inter
1030 3657 1068 3746 se
1114 3666 1347 3779 comparatis
1386 3660 1511 3748 senno
1555 3659 1827 3770 intelligendus
1865 3663 1946 3758 est,
1984 3659 2004 3767 )

698 3769 800 3856 dicta
838 3771 977 3858 virium
1002 3778 1302 3889 centripetarum
1336 3775 1552 3862 differentia
1578 3773 1632 3854 est
1659 3773 1699 3854 in
1735 3774 1925 3888 triplicata
1950 3797 2006 3856 ra·

699 3885 809 3978 tione
840 3891 1057 3976 communis
1098 3893 1312 3976 altitudinis
1332 3881 1494 3973 inverse.
1539 3889 1602 3996 Q
1622 3889 1666 3973 E.
1692 3887 1752 3970 Ι).

1010 4057 1593 4142 Couottanruu
1654 4079 1692 4142 n

759 4225 920 4338 Corpus
944 4226 994 4309 ab
1023 4223 1151 4338 apside
1181 4223 1325 4314 summa
1354 4223 1482 4314 versus
1504 4226 1643 4323 inam,
1674 4226 1714 4308 in
1733 4228 1832 4312 orbe
1853 4227 1892 4310 in
1915 4255 2009 4316 con·

701 4335 900 4451 sequentia
937 4341 1199 4441 revolvente,
1238 4367 1389 4426 motum
1440 4344 1588 4445 majore
1627 4339 1680 4424 Vi
1706 4339 1920 4453 centripetd
1947 4371 2014 4427 ur«

701 4479 814 4564 getur
852 4481 970 4564 quam
1010 4453 1134 4536 idern.
1157 4455 1197 4537 in
1237 4456 1334 4540 orbe
1373 4451 1604 4567 quiescente.
1674 4455 1780 4538 Nam
1821 4459 2018 4566 quoniam.

694 4573 719 4676 Ιί
744 4568 785 4652 in
827 4561 892 4678 fig.
932 4567 1087 4682 praec.)
1124 4570 1164 4654 in
1194 4570 1267 4656 isto
1313 4565 1398 4654 casu
1439 4569 1602 4678 angulus
1651 4594 1678 4650 a
1707 4570 1930 4673 vlmajor
1949 4570 2019 4654 est.

1367 4727 1370 4736 ·
1890 4709 2008 4793 quarn
