4336 5692
216 581 268 668 'U
314 573 703 667 GMMHRICAE
744 559 1080 650 anamma.
1119 543 1205 632 ira.
1236 555 1305 632 IV.
1379 573 1446 645 599

148 730 334 822 'Annulus
362 757 444 816 non
481 727 660 814 cernetur
679 722 730 808 ab
765 717 896 802 Oculo
929 713 967 794 in
993 711 1110 792 Terra
1139 701 1179 783 in
1211 692 1646 808 quacunqueruuxrrua

152 845 306 930 Orbitae
337 840 407 928 suat
433 867 542 955 parte
557 840 689 928 Tellus
720 833 931 920 consiliat:
975 825 1083 904 Nam
1112 841 1200 899 curn
1222 830 1359 894 neutra
1374 807 1455 884 An·
1494 791 1608 862 ’ΨΜ
1770 877 1774 886 ,

152 961 237 1044 nuli
263 957 378 1044 facies
415 955 561 1043 aiSole
605 957 646 1036 in
687 951 765 1035 h'oc
803 939 890 1030 casu
919 932 1124 1023 illustretur
1159 987 1173 1025 ‚
1235 942 1373 1007 neutra
1403 915 1454 998 ab

156 1073 289 1157 Oculo
319 1069 544 1166 videbitur,
586 1069 679 1152 licet
712 1061 799 1148 satis
821 1055 931 1171 supra
961 1049 1063 1136 illius
1094 1042 1251 1154 planum
1277 1033 1452 1118 elevato.

112 1258 115 1268 .
152 1186 248 1272 Sola
278 1185 426 1270 Annuli
455 1187 558 1271 acies
593 1183 827 1274 illustratur,
870 1196 957 1284 quae
983 1185 1114 1245 tamen
1155 1181 1236 1237 non
1264 1147 1419 1230 videtur
1436 1197 1468 1239 ,.

152 1300 249 1413 quia
276 1299 406 1384 radios
429 1295 595 1400 (saltem
616 1294 666 1380 ad
696 1297 856 1376 Terram
886 1278 1182 1397 pertingentes)
1216 1291 1297 1348 non
1326 1281 1453 1366 tepet-

154 1413 281 1497 cutit:
316 1413 397 1498 haec
425 1437 587 1508 namen,
617 1435 696 1520 qua
731 1400 903 1486 lucidum
926 1387 1080 1480 Saturni
1109 1375 1267 1466 Discum
1297 1367 1463 1465 transit,

158 1525 352 1639 nigricans
392 1525 471 1612 five
509 1517 673 1611 obseura
711 1519 816 1602 linea
841 1502 1003 1626 apparet
1043 1498 1099 1584 ab
1134 1497 1304 1580 rationes
1343 1486 1489 1592 Ptop„

159 1666 270 1754 praec.
298 1641 520 1753 explicatas.

216 1757 341 1837 Porro
365 1752 421 1852 fi,
453 1757 622 1839 Saturno
651 1747 702 1834 ad
736 1771 760 1828 u
790 1731 1024 1854 progresso,
1059 1723 1193 1810 Tellus
1222 1712 1324 1799 sitin
1352 1703 1470 1792 Orbi·

161 1891 209 1956 tae
237 1860 309 1952 suat
335 1871 481 1980 patricio
500 1895 561 1968 c,
594 1865 662 1950 tali
691 1883 735 1944 ut
763 1883 786 1940 u
816 1881 842 1937 c
874 1854 920 1936 stt
952 1839 1135 1960 parallela
1166 1833 1217 1916 ad
1248 1856 1274 1913 a
1309 1853 1353 1921 1,
1402 1823 1472 1904 Sa·

162 2005 298 2067 turnus
317 1983 528 2066 etiamnum
555 1975 746 2064 rotundus
779 1962 980 2082 apparebit
1001 1990 1039 2037 ι·
1062 1954 1170 2036 Nam
1196 1945 1289 2028 licet
1315 1931 1470 2022 Annuli

161 2094 280 2183 facies
310 2095 431 2178 altera
457 2093 480 2179 ὲ
515 2095 610 2181 Sole
637 2094 678 2174 in
703 2089 782 2172 hoc
811 2073 897 2165 casu
926 2070 1162 2161 illustretur,
1204 2054 1353 2141 Oculus
1378 2041 1477 2131 Tel·

164 2209 238 2294 luti
265 2204 399 2292 affixus
425 2207 466 2290 in
489 2205 639 2294 Annuli
665 2201 784 2316 plano
826 2191 990 2278 roduslo
1015 2180 1227 2268 etiamnum
1255 2165 1445 2280 reperitur
1457 2213 1474 2255 ,

165 2323 340 2433 ideoque
375 2319 482 2405 illam
510 2345 592 2406 non
622 2315 764 2408 videt,
797 2225 864 2391 led
900 2296 1022 2388 sola'tn
1055 2287 1204 2378 Annuli
1229 2280 1354 2368 aciem
1386 2265 1476 2360 obs·

166 2457 300 2522 cunam
325 2431 394 2520 fibi
418 2429 623 2520 obversam
651 2427 785 2512 habet.
824 2425 915 2504 Hoc
940 2407 1082 2499 accidit
1109 2398 1269 2514 quando
1286 2395 1477 2477 Saturnus

168 2577 218 2636 eus
255 2552 375 2632 Terta
398 2542 586 2660 speuatus
615 2541 667 2630 ad
687 2533 843 2626 easdem
865 2529 975 2613 Fixas
1007 2519 1194 2611 refertur,
1221 2509 1273 2596 ad
1294 2529 1390 2618 quas
1416 2523 1476 2582 te·

169 2660 365 2750 serebatur
392 2689 462 2775 per
486 2659 658 2744 Oculum
681 2655 722 2737 in
746 2650 840 2736 Sole
863 2640 1030 2758 polutum
1052 2657 1141 2717 curn
1168 2625 1238 2709 Sol
1263 2621 1303 2704 itt
1326 2606 1478 2700 Annuli

171 2777 294 2890 plano
337 2774 531 2886 prodesto
561 2769 824 2886 reperiretutr
871 2758 952 2839 hoc
986 2751 1079 2843 est,
1125 2733 1287 2854 quando
1324 2721 1481 2834 Saturni

175 2895 287 2976 locus
317 2888 600 2974 Geocentricus
623 2882 737 2968 idem·
752 2877 804 2962 est
829 2895 919 2957 cum
941 2865 1023 2968 ejus
1047 2837 1508 2943 loco‘Helioceutrico„

177 3029 268 3098 curn
296 3001 366 3087 Sol
387 3003 442 3086 est
470 3002 511 3084 in
538 2997 686 3086 Annuli
737 2990 830 3073 lano
859 2977 1086 3096 produsio,
1110 2961 1224 3082 quod
1243 2987 1293 3046 ex
1315 2949 1481 3054 Tabulis

179 3107 462 3206 Astronomi'cis
485 3113 668 3198 facillime
696 3021 958 3218 ‹lignoscitun
1056 3105 1059 3114 ’
1234 3141 1238 3150 .
1480 3101 1485 3110 ·

232 3230 401 3327 liutius,
435 3253 602 3340 ponatur
624 3227 810 3310 Satumus
841 3217 883 3298 in
908 3206 1024 3291 suun
1055 3257 1069 3300 ,

181 3368 228 3434 ut
249 3343 397 3428 Annuli
426 3343 584 3455 planum
622 3395 636 3436 ‚
679 3333 815 3442 stvep
863 3326 875 3347 '
1003 3317 1011 3332 '
1325 3402 1329 3412 Δ

185 3485 276 3546 cum
306 3459 426 3569 plano
457 3455 575 3537 Orbis
596 3445 750 3534 Saturni
780 3443 883 3526 resia
917 3461 946 3516 n
964 3458 1028 3527 u,
1063 3421 1133 3537 ipsr
1174 3445 1234 3502 ra
1265 3403 1486 3527 parallelaa

188 3571 376 3688 produsia
398 3573 498 3654 inter
514 3565 681 3650 Solems
705 3563 745 3642 δι
769 3559 969 3640 Tettamu
997 3538 1132 3632 cadat,
1156 3525 1268 3647 quod
1325 3521 1392 3606 liet
1421 3510 1490 3597 ubi

191 3688 344 3774 Saturni
381 3691 507 3774 Locus
541 3671 825 3761 Geocentricus
855 3670 895 3748 lic
922 3651 1090 3764 ejusdem
1120 3652 1251 3734 Lotus
1281 3635 1493 3722 Heliocen·

193 3802 311 3887 tricus
342 3795 427 3884 sunt
455 3792 507 3880 ad
535 3783 702 3874 diversas
730 3805 859 3897 partes
891 3773 987 3861 Loci
1012 3762 1122 3877 supra
1149 3765 1267 3870 Prop.
1295 3765 1446 3834 uxvu
1462 3761 1492 3822 ι.

194 3911 402 4026 descripti,
443 3907 513 3992 ubi
545 3900 695 3991 Annuli
722 3897 880 4010 planum
912 3881 1141 4002 produslum
1174 3875 1215 3954 in
1243 3864 1377 3951 Solem
1401 3857 1495 3938 Ter-

196 4056 331 4115 tamve
361 4024 527 4118 incidit,
553 4013 665 4130 quod
691 4025 745 4096 ex‘
762 4004 923 4091 Tabulis
954 3983 1267 4082 Astronornicis,
1369 3971 1396 4053 h

200 4144 349 4230 ridibus
373 4133 606 4252 prasertim,
632 4125 757 4211 statim
790 4117 939 4205 constat
965 4141 983 4200 r
1026 4131 1117 4190 narn
1141 4121 1204 4184 sn
1241 4095 1343 4176 resia
1369 4087 1500 4169 Satur·

201 4258 245 4342 ni
277 4253 425 4338 Locum
452 4242 784 4335 Heliocentticum
811 4226 1017 4316 ostendens
1043 4215 1147 4301 cadit
1178 4209 1229 4295 ad
1263 4228 1358 4291 unas
1393 4195 1500 4280 reslae

202 4393 303 4460 ΗΜ.
317 4391 442 4480 partes
470 4421 485 4462 ‚
523 4366 562 4445 δι
592 4379 654 4440 εΗ
689 4344 892 4436 ostendens
918 4341 998 4446 ejus
1027 4335 1178 4416 Locum
1201 4309 1504 4426 Geocentricuru

204 4484 312 4570 cadit
339 4481 390 4564 ad
416 4479 554 4560 alteras
584 4461 750 4574 ejusdem
780 4463 890 4544 reeta
922 4473 1079 4568 partes:
1124 4443 1170 4523 ln
1188 4440 1294 4549 boc,
1314 4432 1505 4539 inquam,

206 4592 296 4690 casu
321 4595 525 4710 spectator
549 4579 751 4678 Tettelltis
774 4571 1076 4766 Annulumann
1104 4551 1275 4648 videbit,
1319 4542 1512 4759 (praefig
