4420 5692
281 569 326 652 ‘o
363 567 756 652 tronarrrcn
789 565 1126 651 tranantur.
1163 533 1249 653 ni.
1287 577 1358 662 ru.
1431 603 1505 679 459

194 709 315 822 magis
337 708 535 820 inaequalis
564 710 617 792 est
647 735 769 817 quam
797 707 898 794 ratio
923 708 1025 801 inter
1046 709 1145 798 ‘alias
1171 709 1283 796 binas
1345 713 1506 810 ualliber

195 824 307 928 hujus
333 822 480 914 Orbitae
506 854 516 903 τ
550 817 734 956 regrellus
758 849 853 936 ergo
879 822 1067 936 Apsrdum
1092 824 1131 908 in
1162 824 1242 912 hoc
1270 741 1356 912 calu
1382 834 1499 915 maxi·
1511 810 1654 952 T‘ssjm
1650 817 1688 879 ¹¹·
1857 879 1869 893 s

196 965 282 1026 mus
310 938 376 1028 cu.
440 937 617 1024 Satellrre
648 964 746 1022 vero
779 937 830 1022 ad
864 963 890 1019 o
919 940 985 1020 vel
1014 967 1036 1022 u
1066 965 1296 1050 pervento,
1340 944 1408 1026 Vis
1441 973 1507 1030 ex-
1569 916 1598 976 *
1615 909 1643 968 ”

197 1077 332 1136 tranea
362 1077 395 1134 n
421 1078 451 1132 u
482 1051 696 1134 Satellitem
726 1079 830 1136 nunc
868 1077 1034 1162 urgens,
1073 1053 1203 1136 ablata
1235 1051 1259 1138 d
1286 1055 1337 1136 Vi
1368 1055 1505 1168 quir

197 1165 316 1250 trahit
333 1164 576 1262 Satelritem,
602 1189 681 1248 tarn
709 1189 891 1275 magnum
918 1189 1000 1246 non
1021 1165 1170 1248 inducit
1193 1165 1375 1252 receffum
1399 1169 1422 1254 ri
1447 1200 1507 1256 ra.

197 1278 533 1392 tioneduplicuta
565 1277 825 1360 distantiarum
852 1273 1026 1374 inversa,
1043 1271 1045 1275 ’
1065 1278 1158 1362 dum
1182 1281 1343 1365 Planeta
1374 1284 1508 1370 tranfit

197 1391 221 1477 ti
252 1423 277 1478 o
306 1391 357 1475 ad
380 1418 427 1487 u,
453 1415 520 1472 aut
544 1389 726 1476 viciffimt
752 1392 938 1502 quoniam
962 1389 1144 1476 distantia
1164 1421 1243 1490 ro,
1259 1421 1286 1475 r
1307 1425 1330 1477 a
1355 1423 1507 1508 aequan.

103 1517 108 1528 '
165 1527 169 1538 ·
197 1533 290 1591 tur:
316 1504 422 1596 unde
447 1505 519 1587 Vis
548 1504 659 1607 hujus
684 1501 866 1587 oblatitiae
885 1500 1043 1588 effeetus
1061 1504 1102 1586 in
1123 1504 1330 1616 Apsrdibus
1347 1507 1508 1619 promo·

196 1620 337 1708 vendis
360 1619 487 1702 minor
500 1617 581 1708 ella
598 1618 676 1699 hoc
690 1619 759 1714 est,
786 1616 904 1700 Orbis
922 1615 1087 1728 Apsrdes
1113 1617 1258 1702 tardius
1273 1647 1507 1734 promoven·

198 1761 275 1821 tur.
312 1729 492 1843 Ideoque
525 1760 574 1816 ert
605 1755 770 1844 utraque
801 1731 886 1814 hac·
908 1725 1049 1830 causa,
1091 1731 1132 1813 in
1174 1732 1253 1817 hoc
1286 1733 1403 1818 Orbis
1435 1735 1508 1823 litu

198 1845 369 1963 relp'edlu
396 1845 520 1944 Solis,
552 1844 646 1928 dum
676 1841 840 1928 Satelles
865 1843 1055 1958 integram
1082 1846 1375 1931 revolutionem
1407 1849 1508 1936 circa
1647 1933 1653 1944 ,

197 1961 423 2048 Primarium
455 1955 563 2042 suum
590 1959 766 2069 perficit,
797 1955 916 2040 Orbis
944 1956 1110 2070 Apfides
1138 1959 1418 2072 regrediuntur.

256 2079 402 2170 Porro,
427 2069 455 2161 sr
481 2073 513 2162 is
538 2069 585 2156 fit
609 2094 741 2160 motus
765 2069 955 2184 Apsrdum
982 2071 1167 2156 Satellitis
1191 2063 1334 2158 circat
1354 2134 1367 2174 ,
1401 2069 1437 2158 is
1457 2103 1509 2163 ue

69 2259 80 2287 ,
199 2213 331 2276 motus
360 2184 534 2269 Primarii
561 2213 590 2268 τ
621 2187 723 2268 circa
752 2187 887 2268 Solem
918 2214 970 2283 s,
1018 2211 1063 2269 ut
1092 2184 1259 2296 Apstdes
1287 2187 1411 2273 Orbis
1429 2103 1508 2273 ‘lat

200 2304 336 2390 tellitis
358 2301 400 2382 in
431 2296 574 2382 eodem
600 2296 680 2381 fere
708 2297 782 2381 fint
810 2293 961 2409 aspestu
993 2299 1045 2382 ad
1076 2300 1211 2383 Solem
1249 2328 1319 2412 per
1353 2325 1507 2415 tempus

197 2417 287 2509 faris
318 2411 519 2512 notabile,
552 2407 632 2495 live
656 2409 750 2496 dum
774 2405 854 2522 ipse
883 2411 1048 2497 Satelles
1077 2407 1248 2526 aspedus
1291 2441 1430 2500 omnes
1456 2411 1509 2502 ad

200 2531 335 2626 Solem
360 2521 491 2637 sepius
519 2546 676 2614 mutate
707 2526 763 2606 ob
791 2523 1083 2609 diuturnitatem
1117 2525 1304 2635 temporis
1334 2555 1417 2638 quo
1444 2557 1509 2614 ve·

202 2645 342 2732 locitas
360 2631 575 2751 progrelltis
604 2641 646 2722 dc
669 2636 832 2720 tarditas
858 2631 1040 2750 regtelltls
1066 2637 1256 2750 Apstdum
1283 2640 1511 2726 continuan-

202 2785 287 2856 tur,
324 2755 418 2838 dum
447 2775 591 2864 nempe
621 2748 789 2863 Apsrdes
816 2777 941 2863 prope
968 2751 1155 2862 Syzygias
1187 2752 1291 2836 Solis
1333 2752 1511 2856 haerent,

202 2871 288 2958 saris
315 2866 542 2964 notabiliter
565 2864 864 2974 progredientur
891 2894 900 2941 :
935 2865 986 2945 Et
1008 2861 1177 2950 fimiliter
1204 2865 1260 2946 ob
1283 2863 1511 2950 diuturnita-

203 3012 285 3072 tem
308 2977 493 3091 tcmpotis
519 3004 602 3089 quo
636 2975 820 3062 Satellitis
850 2974 1015 3087 Apstdes
1041 3005 1166 3089 prope
1197 2979 1299 3060 Solis
1334 2978 1512 3086 Qradra-

204 3126 289 3187 rum
333 3098 508 3189 haerent,
557 3095 598 3172 dt
637 3077 933 3203 consequenter'
970 3117 1053 3201 quo
1099 3091 1288 3174 velocitas
1328 3090 1512 3204 regrellris

204 3199 439 3410 traditasque
479 3199 695 3319 progresldt
727 3205 1038 3305 continuantur,
1082 3199 1306 3288 senfibiliter
1336 3199 1423 3290 saris
1452 3234 1513 3292 re·

204 3358 250 3414 ce
280 3347 358 3408 ent.

265 3433 467 3546 Quoniam
492 3461 589 3518 vero
622 3415 899 3518 Vis'extranea
931 3432 1104 3518 ablatitia
1134 3457 1165 3514 u
1191 3460 1247 3531 u,
1272 3425 1509 3544 progressum

207 3553 396 3669 Apsrdum
425 3541 611 3642 causans,
646 3549 763 3654 Prop.
797 3574 862 3629 rx.
892 3543 1039 3631 ostensa
1064 3549 1118 3630 est
1145 3545 1249 3658 quafi
1277 3547 1400 3658 duplo
1428 3572 1510 3627 ma·

208 3676 268 3780 jor
296 3691 414 3778 quam
450 3662 519 3744 Vis
551 3686 575 3742 n
609 3683 641 3739 rr
655 3713 670 3757 ‚
695 3685 781 3767 quae
811 3661 895 3742 illas
921 3661 1168 3744 retrocedere
1192 3662 1328 3772 cogitt
1359 3663 1399 3740 dc
1421 3686 1512 3767 pra·

209 3807 314 3869 terea
340 3773 503 3888 Apfides
528 3769 672 3856 diutius
698 3769 844 3854 haerent
864 3773 902 3853 in
928 3773 1104 3882 Syzygiis
1131 3773 1246 3881 quam
1272 3775 1309 3854 in
1335 3769 1512 3876 Quadra·

210 3897 334 3990 turis,
365 3889 456 4002 quia
482 3889 562 3996 illic
594 3881 635 3968 in
673 3877 949 3997 consequentia
989 3884 1075 3967 latae
1115 3911 1202 3966 cum
1231 3885 1324 3966 Sole
1355 3907 1522 3993 pregre.

213 4011 398 4100 diunrur‚
440 4002 503 4086 hic
537 4003 577 4082 in
610 3995 881 4082 antecedentia
924 3997 1009 4080 lata
1048 3998 1150 4078 Solis
1190 3997 1434 4102 Qtadratum
1471 3995 1512 4076 in

214 4115 490 4230 consequentia
512 4116 635 4197 latum
656 4113 737 4194 cito
761 4107 986 4200 transeunts
1014 4135 1123 4223 patet
1148 4110 1311 4222 Apsrdes
1336 4110 1513 4194 velocius

214 4243 255 4320 δι
287 4231 429 4315 diutius
457 4226 639 4342 progredi
662 4225 702 4306 in
726 4221 800 4306 suis
829 4225 1031 4336 Syzygiis,
1058 4223 1202 4307 tardius
1231 4251 1329 4306 vero
1361 4227 1400 4302 &
1430 4247 1519 4308 non⁴

214 4375 294 4432 tam
322 4347 388 4428 diu
411 4342 591 4426 recedere
614 4343 653 4423 in
679 4337 932 4446 Qtadraturis
957 4334 1062 4426 suist
1086 4343 1136 4420 v&
1167 4333 1314 4420 exceffu
1345 4330 1515 4448 progres·
1544 4389 1545 4392 a

216 4459 275 4546 ὥς
308 4454 416 4568 supra
446 4451 649 4568 regrellum
665 4511 679 4552 ,
712 4454 752 4532 in
788 4453 937 4562 integra
966 4450 1215 4534 revolutione
1250 4448 1432 4562 Apbdum
1464 4441 1515 4530 ad

217 4573 351 4664 solem
373 4571 481 4686 (boc
502 4569 556 4656 est
568 4627 585 4670 ,
609 4565 703 4654 dum
733 4563 898 4678 Apfides
931 4591 979 4650 ex
1003 4592 1030 4649 r
1057 4561 1142 4678 vilae
1167 4575 1304 4654 omues
1328 4591 1416 4652 cum
1447 4565 1516 4759 Sp·

1493 4701 1517 4760 e
